id; time; WIN<BUY_ASK,qty=50>; WIN<SELL_BID,qty=50>; IND<BUY_ASK,qty=10>; IND<SELL_BID,qty=10>; WDO<BUY_ASK,qty=25>; WDO<SELL_BID,qty=25>; DOL<BUY_ASK,qty=5>; DOL<SELL_BID,qty=5>;
0; 2016-05-02 09:00:00.110 BRT; 0.000000; 0.000000; 0.000000; 0.000000; 0.000000; 0.000000; 0.000000; 0.000000;
1; 2016-05-02 09:00:01.242 BRT; 0.000000; 0.000000; 0.000000; 0.000000; 0.000000; 0.000000; 0.000000; 0.000000;
2; 2016-05-02 09:00:02.291 BRT; 0.000000; 0.000000; 0.000000; 0.000000; 0.000000; 0.000000; 0.000000; 0.000000;
3; 2016-05-02 09:00:03.312 BRT; 0.000000; 0.000000; 0.000000; 0.000000; 0.000000; 0.000000; 0.000000; 0.000000;
4; 2016-05-02 09:00:04.349 BRT; 0.000000; 0.000000; 0.000000; 0.000000; 0.000000; 0.000000; 0.000000; 0.000000;
5; 2016-05-02 09:00:05.461 BRT; 0.000000; 0.000000; 0.000000; 0.000000; 0.000000; 0.000000; 0.000000; 0.000000;
6; 2016-05-02 09:00:06.736 BRT; 0.000000; 0.000000; 0.000000; 0.000000; 0.000000; 0.000000; 0.000000; 0.000000;
7; 2016-05-02 09:00:07.997 BRT; 0.000000; 0.000000; 0.000000; 0.000000; 0.000000; 0.000000; 0.000000; 0.000000;
8; 2016-05-02 09:00:09.757 BRT; 0.000000; 0.000000; 0.000000; 0.000000; 0.000000; 0.000000; 0.000000; 0.000000;
9; 2016-05-02 09:00:10.940 BRT; 0.000000; 0.000000; 0.000000; 0.000000; 0.000000; 0.000000; 0.000000; 0.000000;
10; 2016-05-02 09:00:11.959 BRT; 0.000000; 0.000000; 0.000000; 0.000000; 0.000000; 0.000000; 0.000000; 0.000000;
11; 2016-05-02 09:00:12.967 BRT; 0.000000; 0.000000; 0.000000; 0.000000; 0.000000; 0.000000; 0.000000; 0.000000;
12; 2016-05-02 09:00:13.998 BRT; 0.000000; 0.000000; 0.000000; 0.000000; 0.000000; 0.000000; 0.000000; 0.000000;
13; 2016-05-02 09:00:15.430 BRT; 0.000000; 0.000000; 0.000000; 0.000000; 0.000000; 0.000000; 0.000000; 0.000000;
14; 2016-05-02 09:00:16.197 BRT; 0.000000; 0.000000; 0.000000; 0.000000; 0.000000; 0.000000; 0.000000; 0.000000;
15; 2016-05-02 09:00:17.243 BRT; 0.000000; 0.000000; 0.000000; 0.000000; 0.000000; 0.000000; 0.000000; 0.000000;
16; 2016-05-02 09:00:18.653 BRT; 0.000000; 0.000000; 0.000000; 0.000000; 0.000000; 0.000000; 0.000000; 0.000000;
17; 2016-05-02 09:00:19.710 BRT; 0.000000; 0.000000; 0.000000; 0.000000; 0.000000; 0.000000; 0.000000; 0.000000;
18; 2016-05-02 09:00:20.717 BRT; 0.000000; 0.000000; 0.000000; 0.000000; 0.000000; 0.000000; 0.000000; 0.000000;
19; 2016-05-02 09:00:21.765 BRT; 0.000000; 0.000000; 0.000000; 0.000000; 0.000000; 0.000000; 0.000000; 0.000000;
20; 2016-05-02 09:00:22.787 BRT; 0.000000; 0.000000; 0.000000; 0.000000; 0.000000; 0.000000; 0.000000; 0.000000;
21; 2016-05-02 09:00:23.910 BRT; 0.000000; 0.000000; 0.000000; 0.000000; 0.000000; 0.000000; 0.000000; 0.000000;
22; 2016-05-02 09:00:24.947 BRT; 0.000000; 0.000000; 0.000000; 0.000000; 0.000000; 0.000000; 0.000000; 0.000000;
23; 2016-05-02 09:00:25.982 BRT; 0.000000; 0.000000; 0.000000; 0.000000; 0.000000; 0.000000; 0.000000; 0.000000;
24; 2016-05-02 09:00:27.120 BRT; 0.000000; 0.000000; 0.000000; 0.000000; 0.000000; 0.000000; 0.000000; 0.000000;
25; 2016-05-02 09:00:28.196 BRT; 0.000000; 0.000000; 0.000000; 0.000000; 0.000000; 0.000000; 0.000000; 0.000000;
26; 2016-05-02 09:00:29.229 BRT; 0.000000; 0.000000; 0.000000; 0.000000; 0.000000; 0.000000; 0.000000; 0.000000;
27; 2016-05-02 09:00:30.309 BRT; 0.000000; 0.000000; 0.000000; 0.000000; 0.000000; 0.000000; 0.000000; 0.000000;
28; 2016-05-02 09:00:31.508 BRT; 0.000000; 0.000000; 0.000000; 0.000000; 0.000000; 0.000000; 0.000000; 0.000000;
29; 2016-05-02 09:00:32.540 BRT; 0.000000; 0.000000; 0.000000; 0.000000; 0.000000; 0.000000; 3492.000000; 3490.000000;
30; 2016-05-02 09:00:33.591 BRT; 0.000000; 0.000000; 0.000000; 0.000000; 0.000000; 0.000000; 3492.000000; 3491.000000;
31; 2016-05-02 09:00:34.718 BRT; 0.000000; 0.000000; 0.000000; 0.000000; 0.000000; 0.000000; 3492.000000; 3491.000000;
32; 2016-05-02 09:00:35.789 BRT; 0.000000; 0.000000; 0.000000; 0.000000; 0.000000; 0.000000; 3493.000000; 3491.000000;
33; 2016-05-02 09:00:36.803 BRT; 0.000000; 0.000000; 0.000000; 0.000000; 0.000000; 0.000000; 3491.500000; 3491.000000;
34; 2016-05-02 09:00:37.934 BRT; 0.000000; 0.000000; 0.000000; 0.000000; 0.000000; 0.000000; 3493.000000; 3492.500000;
35; 2016-05-02 09:00:38.937 BRT; 54945.000000; 54875.000000; 0.000000; 0.000000; 0.000000; 0.000000; 3493.000000; 3492.500000;
36; 2016-05-02 09:00:39.960 BRT; 54940.000000; 54740.000000; 0.000000; 0.000000; 0.000000; 0.000000; 3493.000000; 3492.500000;
37; 2016-05-02 09:00:40.981 BRT; 54945.000000; 54900.000000; 0.000000; 0.000000; 0.000000; 0.000000; 3492.500000; 3489.000000;
38; 2016-05-02 09:00:42.136 BRT; 54900.000000; 54845.000000; 54800.000000; 54695.000000; 0.000000; 0.000000; 3490.500000; 3489.000000;
39; 2016-05-02 09:00:43.136 BRT; 54900.000000; 54782.000000; 54800.000000; 54655.000000; 3494.000000; 3492.000000; 3495.000000; 3493.500000;
40; 2016-05-02 09:00:44.147 BRT; 54904.000000; 54812.000000; 54800.000000; 54660.000000; 3496.800000; 3494.600000; 3497.000000; 3495.500000;
41; 2016-05-02 09:00:45.161 BRT; 54904.000000; 54848.000000; 54800.000000; 54660.000000; 3495.900000; 3493.600000; 3495.500000; 3494.500000;
42; 2016-05-02 09:00:46.161 BRT; 54880.000000; 54855.000000; 54800.000000; 54730.000000; 3494.700000; 3491.600000; 3493.000000; 3491.500000;
43; 2016-05-02 09:00:47.161 BRT; 54861.000000; 54850.000000; 54800.000000; 54730.000000; 3492.400000; 3489.700000; 3492.500000; 3491.500000;
44; 2016-05-02 09:00:48.161 BRT; 54819.000000; 54799.000000; 54800.000000; 54730.000000; 3494.900000; 3493.500000; 3495.500000; 3494.000000;
45; 2016-05-02 09:00:49.213 BRT; 54810.000000; 54795.000000; 54800.000000; 54730.000000; 3494.500000; 3493.500000; 3495.500000; 3494.000000;
46; 2016-05-02 09:00:50.248 BRT; 54812.000000; 54795.000000; 54800.000000; 54730.000000; 3494.100000; 3492.600000; 3495.500000; 3494.000000;
47; 2016-05-02 09:00:51.307 BRT; 54785.000000; 54746.000000; 54795.000000; 54660.000000; 3493.900000; 3492.500000; 3495.000000; 3494.000000;
48; 2016-05-02 09:00:52.362 BRT; 54785.000000; 54745.000000; 54795.000000; 54660.000000; 3493.800000; 3492.400000; 3495.000000; 3491.500000;
49; 2016-05-02 09:00:53.424 BRT; 54791.000000; 54735.000000; 54795.000000; 54645.000000; 3493.000000; 3492.500000; 3494.500000; 3491.500000;
50; 2016-05-02 09:00:54.478 BRT; 54790.000000; 54736.000000; 54795.000000; 54645.000000; 3493.800000; 3492.500000; 3495.000000; 3491.500000;
51; 2016-05-02 09:00:55.478 BRT; 54795.000000; 54726.000000; 54795.000000; 54645.000000; 3493.500000; 3491.600000; 3495.000000; 3489.500000;
52; 2016-05-02 09:00:56.478 BRT; 54804.000000; 54670.000000; 54795.000000; 54645.000000; 3494.600000; 3491.900000; 3494.500000; 3492.500000;
53; 2016-05-02 09:00:57.480 BRT; 54765.000000; 54710.000000; 54795.000000; 54650.000000; 3493.500000; 3492.100000; 3494.500000; 3490.000000;
54; 2016-05-02 09:00:58.500 BRT; 54765.000000; 54715.000000; 54795.000000; 54650.000000; 3493.100000; 3491.400000; 3493.500000; 3491.000000;
55; 2016-05-02 09:00:59.557 BRT; 54760.000000; 54725.000000; 54795.000000; 54650.000000; 3492.700000; 3491.000000; 3493.500000; 3491.000000;
56; 2016-05-02 09:01:00.594 BRT; 54760.000000; 54725.000000; 54795.000000; 54650.000000; 3493.000000; 3491.900000; 3495.000000; 3491.000000;
57; 2016-05-02 09:01:01.595 BRT; 54794.000000; 54736.000000; 54800.000000; 54730.000000; 3493.100000; 3492.500000; 3494.000000; 3492.500000;
58; 2016-05-02 09:01:02.598 BRT; 54795.000000; 54745.000000; 54800.000000; 54740.000000; 3493.000000; 3492.100000; 3494.000000; 3492.500000;
59; 2016-05-02 09:01:03.604 BRT; 54787.000000; 54755.000000; 54795.000000; 54750.000000; 3493.500000; 3492.100000; 3494.000000; 3493.000000;
60; 2016-05-02 09:01:04.615 BRT; 54765.000000; 54718.000000; 54790.000000; 54680.000000; 3493.300000; 3492.000000; 3494.000000; 3491.500000;
61; 2016-05-02 09:01:05.642 BRT; 54764.000000; 54735.000000; 54790.000000; 54680.000000; 3493.000000; 3491.700000; 3493.500000; 3492.500000;
62; 2016-05-02 09:01:06.689 BRT; 54764.000000; 54735.000000; 54790.000000; 54680.000000; 3493.000000; 3491.700000; 3493.500000; 3492.500000;
63; 2016-05-02 09:01:07.731 BRT; 54765.000000; 54755.000000; 54785.000000; 54725.000000; 3493.000000; 3491.600000; 3493.500000; 3492.500000;
64; 2016-05-02 09:01:08.776 BRT; 54765.000000; 54757.000000; 54785.000000; 54725.000000; 3493.000000; 3492.000000; 3493.500000; 3492.500000;
65; 2016-05-02 09:01:09.777 BRT; 54785.000000; 54756.000000; 54785.000000; 54725.000000; 3493.000000; 3491.800000; 3493.500000; 3493.000000;
66; 2016-05-02 09:01:10.813 BRT; 54791.000000; 54756.000000; 54785.000000; 54725.000000; 3493.000000; 3492.500000; 3494.000000; 3493.000000;
67; 2016-05-02 09:01:11.813 BRT; 54750.000000; 54687.000000; 54785.000000; 54730.000000; 3493.500000; 3492.400000; 3494.000000; 3493.000000;
68; 2016-05-02 09:01:12.827 BRT; 54761.000000; 54704.000000; 54785.000000; 54730.000000; 3492.500000; 3491.200000; 3494.000000; 3490.500000;
69; 2016-05-02 09:01:13.874 BRT; 54771.000000; 54721.000000; 54785.000000; 54730.000000; 3492.500000; 3491.400000; 3493.500000; 3490.500000;
70; 2016-05-02 09:01:14.874 BRT; 54749.000000; 54680.000000; 54785.000000; 54695.000000; 3492.400000; 3491.200000; 3493.500000; 3491.000000;
71; 2016-05-02 09:01:15.931 BRT; 54749.000000; 54684.000000; 54785.000000; 54695.000000; 3492.200000; 3491.300000; 3493.000000; 3491.000000;
72; 2016-05-02 09:01:16.953 BRT; 54747.000000; 54685.000000; 54780.000000; 54680.000000; 3492.400000; 3491.100000; 3493.000000; 3491.000000;
73; 2016-05-02 09:01:17.980 BRT; 54749.000000; 54686.000000; 54780.000000; 54680.000000; 3492.400000; 3491.100000; 3493.000000; 3491.000000;
74; 2016-05-02 09:01:19.127 BRT; 54747.000000; 54687.000000; 54775.000000; 54680.000000; 3492.400000; 3491.100000; 3493.000000; 3491.000000;
75; 2016-05-02 09:01:20.176 BRT; 54749.000000; 54710.000000; 54775.000000; 54680.000000; 3492.500000; 3491.200000; 3493.000000; 3491.000000;
76; 2016-05-02 09:01:21.180 BRT; 54749.000000; 54710.000000; 54775.000000; 54680.000000; 3492.500000; 3491.100000; 3493.000000; 3491.000000;
77; 2016-05-02 09:01:22.180 BRT; 54749.000000; 54710.000000; 54775.000000; 54685.000000; 3492.500000; 3491.300000; 3493.000000; 3491.500000;
78; 2016-05-02 09:01:23.200 BRT; 54749.000000; 54710.000000; 54775.000000; 54685.000000; 3492.500000; 3491.600000; 3493.000000; 3491.500000;
79; 2016-05-02 09:01:24.245 BRT; 54749.000000; 54695.000000; 54775.000000; 54680.000000; 3492.500000; 3491.500000; 3493.000000; 3491.500000;
80; 2016-05-02 09:01:25.367 BRT; 54749.000000; 54700.000000; 54775.000000; 54680.000000; 3492.500000; 3491.500000; 3493.000000; 3491.500000;
81; 2016-05-02 09:01:26.405 BRT; 54749.000000; 54700.000000; 54775.000000; 54680.000000; 3492.000000; 3491.500000; 3493.000000; 3491.500000;
82; 2016-05-02 09:01:27.475 BRT; 54740.000000; 54692.000000; 54775.000000; 54680.000000; 3492.500000; 3491.500000; 3493.000000; 3491.500000;
83; 2016-05-02 09:01:28.517 BRT; 54740.000000; 54681.000000; 54770.000000; 54700.000000; 3492.400000; 3491.500000; 3493.000000; 3491.500000;
84; 2016-05-02 09:01:29.563 BRT; 54740.000000; 54690.000000; 54770.000000; 54700.000000; 3492.500000; 3491.100000; 3493.000000; 3491.000000;
85; 2016-05-02 09:01:30.642 BRT; 54740.000000; 54690.000000; 54770.000000; 54700.000000; 3492.400000; 3491.100000; 3492.500000; 3491.000000;
86; 2016-05-02 09:01:31.698 BRT; 54735.000000; 54695.000000; 54770.000000; 54700.000000; 3492.000000; 3491.000000; 3492.500000; 3491.000000;
87; 2016-05-02 09:01:32.726 BRT; 54748.000000; 54715.000000; 54775.000000; 54700.000000; 3493.000000; 3491.900000; 3493.500000; 3491.500000;
88; 2016-05-02 09:01:33.753 BRT; 54695.000000; 54670.000000; 54700.000000; 54655.000000; 3493.000000; 3491.800000; 3493.500000; 3491.500000;
89; 2016-05-02 09:01:34.777 BRT; 54695.000000; 54670.000000; 54700.000000; 54655.000000; 3493.000000; 3491.800000; 3493.500000; 3491.500000;
90; 2016-05-02 09:01:35.812 BRT; 54700.000000; 54670.000000; 54700.000000; 54655.000000; 3493.000000; 3491.900000; 3493.500000; 3491.500000;
91; 2016-05-02 09:01:36.831 BRT; 54695.000000; 54668.000000; 54700.000000; 54650.000000; 3492.600000; 3491.500000; 3493.500000; 3491.000000;
92; 2016-05-02 09:01:37.859 BRT; 54695.000000; 54668.000000; 54720.000000; 54650.000000; 3492.600000; 3492.000000; 3493.000000; 3491.500000;
93; 2016-05-02 09:01:38.913 BRT; 54695.000000; 54668.000000; 54720.000000; 54650.000000; 3492.400000; 3491.500000; 3492.500000; 3491.500000;
94; 2016-05-02 09:01:40.620 BRT; 54695.000000; 54668.000000; 54720.000000; 54650.000000; 3492.400000; 3491.300000; 3492.500000; 3491.500000;
95; 2016-05-02 09:01:41.760 BRT; 54695.000000; 54666.000000; 54720.000000; 54650.000000; 3491.900000; 3491.000000; 3491.500000; 3490.500000;
96; 2016-05-02 09:01:42.910 BRT; 54704.000000; 54668.000000; 54735.000000; 54650.000000; 3492.000000; 3491.000000; 3491.500000; 3490.500000;
97; 2016-05-02 09:01:43.316 BRT; 54702.000000; 54668.000000; 54735.000000; 54650.000000; 3492.200000; 3491.000000; 3492.000000; 3490.500000;
98; 2016-05-02 09:01:44.432 BRT; 54710.000000; 54678.000000; 54735.000000; 54655.000000; 3492.200000; 3490.500000; 3492.000000; 3490.500000;
99; 2016-05-02 09:01:45.478 BRT; 54710.000000; 54678.000000; 54735.000000; 54655.000000; 3492.000000; 3490.700000; 3492.000000; 3490.500000;
100; 2016-05-02 09:01:46.484 BRT; 54700.000000; 54670.000000; 54725.000000; 54655.000000; 3492.000000; 3491.000000; 3492.000000; 3490.500000;
101; 2016-05-02 09:01:47.607 BRT; 54710.000000; 54678.000000; 54730.000000; 54655.000000; 3491.900000; 3491.000000; 3491.500000; 3490.500000;
102; 2016-05-02 09:01:48.765 BRT; 54714.000000; 54678.000000; 54735.000000; 54655.000000; 3491.800000; 3490.500000; 3491.500000; 3490.500000;
103; 2016-05-02 09:01:49.829 BRT; 54714.000000; 54685.000000; 54735.000000; 54665.000000; 3491.000000; 3490.500000; 3491.500000; 3490.500000;
104; 2016-05-02 09:01:50.985 BRT; 54714.000000; 54685.000000; 54735.000000; 54665.000000; 3491.100000; 3490.500000; 3491.500000; 3490.500000;
105; 2016-05-02 09:01:51.997 BRT; 54718.000000; 54700.000000; 54735.000000; 54665.000000; 3491.400000; 3490.500000; 3491.500000; 3490.500000;
106; 2016-05-02 09:01:53.890 BRT; 54716.000000; 54691.000000; 54735.000000; 54665.000000; 3491.600000; 3490.500000; 3491.500000; 3490.500000;
107; 2016-05-02 09:01:54.152 BRT; 54709.000000; 54691.000000; 54735.000000; 54665.000000; 3491.100000; 3490.500000; 3491.500000; 3490.500000;
108; 2016-05-02 09:01:55.310 BRT; 54711.000000; 54691.000000; 54735.000000; 54665.000000; 3491.100000; 3490.500000; 3491.500000; 3490.500000;
109; 2016-05-02 09:01:56.436 BRT; 54711.000000; 54691.000000; 54735.000000; 54665.000000; 3491.000000; 3490.500000; 3491.500000; 3490.500000;
110; 2016-05-02 09:01:57.541 BRT; 54709.000000; 54697.000000; 54735.000000; 54665.000000; 3491.400000; 3490.500000; 3491.000000; 3490.500000;
111; 2016-05-02 09:01:58.608 BRT; 54715.000000; 54700.000000; 54735.000000; 54675.000000; 3491.400000; 3490.400000; 3491.000000; 3490.500000;
112; 2016-05-02 09:01:59.681 BRT; 54720.000000; 54700.000000; 54735.000000; 54675.000000; 3491.500000; 3490.000000; 3491.000000; 3490.500000;
113; 2016-05-02 09:02:00.682 BRT; 54719.000000; 54700.000000; 54735.000000; 54670.000000; 3491.300000; 3490.000000; 3491.000000; 3490.500000;
114; 2016-05-02 09:02:01.684 BRT; 54721.000000; 54700.000000; 54735.000000; 54670.000000; 3491.000000; 3490.000000; 3491.000000; 3490.500000;
115; 2016-05-02 09:02:02.691 BRT; 54720.000000; 54700.000000; 54735.000000; 54670.000000; 3491.000000; 3490.000000; 3491.000000; 3490.500000;
116; 2016-05-02 09:02:03.750 BRT; 54724.000000; 54700.000000; 54735.000000; 54670.000000; 3492.300000; 3491.000000; 3492.500000; 3491.000000;
117; 2016-05-02 09:02:04.773 BRT; 54727.000000; 54700.000000; 54735.000000; 54670.000000; 3492.200000; 3491.300000; 3492.500000; 3491.000000;
118; 2016-05-02 09:02:05.872 BRT; 54724.000000; 54700.000000; 54735.000000; 54670.000000; 3492.200000; 3491.000000; 3492.500000; 3491.000000;
119; 2016-05-02 09:02:06.920 BRT; 54735.000000; 54700.000000; 54745.000000; 54675.000000; 3492.200000; 3491.000000; 3492.500000; 3491.000000;
120; 2016-05-02 09:02:08.200 BRT; 54725.000000; 54700.000000; 54735.000000; 54675.000000; 3492.200000; 3491.000000; 3492.500000; 3491.000000;
121; 2016-05-02 09:02:09.570 BRT; 54722.000000; 54700.000000; 54735.000000; 54675.000000; 3492.000000; 3491.000000; 3492.000000; 3491.000000;
122; 2016-05-02 09:02:10.610 BRT; 54730.000000; 54705.000000; 54745.000000; 54675.000000; 3492.000000; 3491.000000; 3492.000000; 3491.000000;
123; 2016-05-02 09:02:11.176 BRT; 54749.000000; 54722.000000; 54755.000000; 54700.000000; 3492.000000; 3491.000000; 3492.000000; 3491.000000;
124; 2016-05-02 09:02:12.183 BRT; 54750.000000; 54722.000000; 54755.000000; 54700.000000; 3492.000000; 3491.000000; 3492.000000; 3491.000000;
125; 2016-05-02 09:02:13.187 BRT; 54750.000000; 54725.000000; 54755.000000; 54710.000000; 3491.800000; 3491.000000; 3492.000000; 3491.000000;
126; 2016-05-02 09:02:14.195 BRT; 54750.000000; 54725.000000; 54760.000000; 54710.000000; 3494.000000; 3492.700000; 3494.500000; 3492.500000;
127; 2016-05-02 09:02:15.216 BRT; 54750.000000; 54725.000000; 54760.000000; 54710.000000; 3494.000000; 3493.000000; 3494.500000; 3492.500000;
128; 2016-05-02 09:02:16.254 BRT; 54750.000000; 54725.000000; 54765.000000; 54710.000000; 3493.500000; 3492.500000; 3494.000000; 3492.000000;
129; 2016-05-02 09:02:17.295 BRT; 54750.000000; 54725.000000; 54765.000000; 54710.000000; 3493.500000; 3493.000000; 3494.000000; 3493.000000;
130; 2016-05-02 09:02:18.550 BRT; 54750.000000; 54728.000000; 54765.000000; 54710.000000; 3493.800000; 3492.800000; 3494.000000; 3492.000000;
131; 2016-05-02 09:02:19.581 BRT; 54750.000000; 54728.000000; 54765.000000; 54710.000000; 3493.700000; 3492.300000; 3494.000000; 3492.000000;
132; 2016-05-02 09:02:20.692 BRT; 54767.000000; 54731.000000; 54765.000000; 54710.000000; 3493.500000; 3492.400000; 3493.500000; 3492.000000;
133; 2016-05-02 09:02:21.758 BRT; 54765.000000; 54733.000000; 54765.000000; 54720.000000; 3493.400000; 3492.400000; 3493.500000; 3492.000000;
134; 2016-05-02 09:02:22.831 BRT; 54764.000000; 54734.000000; 54765.000000; 54720.000000; 3493.400000; 3492.200000; 3493.500000; 3492.000000;
135; 2016-05-02 09:02:23.858 BRT; 54770.000000; 54745.000000; 54765.000000; 54730.000000; 3493.300000; 3492.400000; 3493.500000; 3492.500000;
136; 2016-05-02 09:02:24.934 BRT; 54770.000000; 54745.000000; 54765.000000; 54730.000000; 3493.000000; 3492.500000; 3493.000000; 3492.500000;
137; 2016-05-02 09:02:26.105 BRT; 54770.000000; 54745.000000; 54765.000000; 54730.000000; 3493.000000; 3492.000000; 3493.000000; 3492.000000;
138; 2016-05-02 09:02:27.436 BRT; 54770.000000; 54750.000000; 54765.000000; 54740.000000; 3493.000000; 3492.000000; 3493.000000; 3492.000000;
139; 2016-05-02 09:02:28.581 BRT; 54770.000000; 54750.000000; 54765.000000; 54740.000000; 3493.000000; 3492.100000; 3493.000000; 3492.000000;
140; 2016-05-02 09:02:29.646 BRT; 54765.000000; 54750.000000; 54765.000000; 54740.000000; 3494.000000; 3492.900000; 3494.000000; 3493.000000;
141; 2016-05-02 09:02:30.649 BRT; 54770.000000; 54750.000000; 54765.000000; 54750.000000; 3494.000000; 3493.000000; 3494.500000; 3493.000000;
142; 2016-05-02 09:02:31.761 BRT; 54770.000000; 54750.000000; 54765.000000; 54750.000000; 3494.000000; 3493.000000; 3494.500000; 3493.500000;
143; 2016-05-02 09:02:32.784 BRT; 54770.000000; 54750.000000; 54765.000000; 54750.000000; 3494.000000; 3493.000000; 3494.500000; 3493.500000;
144; 2016-05-02 09:02:33.786 BRT; 54770.000000; 54750.000000; 54765.000000; 54750.000000; 3494.000000; 3493.000000; 3494.500000; 3494.000000;
145; 2016-05-02 09:02:34.816 BRT; 54766.000000; 54750.000000; 54765.000000; 54750.000000; 3494.000000; 3493.000000; 3494.500000; 3494.000000;
146; 2016-05-02 09:02:35.839 BRT; 54750.000000; 54727.000000; 54760.000000; 54720.000000; 3494.500000; 3494.000000; 3495.000000; 3494.000000;
147; 2016-05-02 09:02:36.880 BRT; 54750.000000; 54727.000000; 54760.000000; 54710.000000; 3495.000000; 3494.000000; 3495.000000; 3494.000000;
148; 2016-05-02 09:02:37.912 BRT; 54750.000000; 54727.000000; 54760.000000; 54710.000000; 3495.000000; 3494.000000; 3495.000000; 3494.000000;
149; 2016-05-02 09:02:39.142 BRT; 54750.000000; 54727.000000; 54760.000000; 54710.000000; 3495.000000; 3494.000000; 3495.000000; 3494.000000;
150; 2016-05-02 09:02:40.146 BRT; 54750.000000; 54728.000000; 54760.000000; 54720.000000; 3494.900000; 3494.000000; 3495.000000; 3494.000000;
151; 2016-05-02 09:02:41.157 BRT; 54750.000000; 54730.000000; 54760.000000; 54720.000000; 3495.000000; 3494.300000; 3495.500000; 3494.000000;
152; 2016-05-02 09:02:42.169 BRT; 54750.000000; 54732.000000; 54760.000000; 54720.000000; 3495.000000; 3494.400000; 3495.500000; 3494.000000;
153; 2016-05-02 09:02:43.176 BRT; 54750.000000; 54725.000000; 54760.000000; 54715.000000; 3495.000000; 3494.300000; 3495.500000; 3494.000000;
154; 2016-05-02 09:02:44.237 BRT; 54750.000000; 54725.000000; 54760.000000; 54715.000000; 3495.000000; 3494.500000; 3495.500000; 3494.000000;
155; 2016-05-02 09:02:45.335 BRT; 54749.000000; 54725.000000; 54760.000000; 54715.000000; 3495.000000; 3494.500000; 3495.500000; 3494.000000;
156; 2016-05-02 09:02:46.358 BRT; 54749.000000; 54730.000000; 54750.000000; 54715.000000; 3495.500000; 3494.600000; 3495.500000; 3494.000000;
157; 2016-05-02 09:02:47.392 BRT; 54749.000000; 54730.000000; 54750.000000; 54715.000000; 3495.400000; 3494.300000; 3495.500000; 3494.000000;
158; 2016-05-02 09:02:48.601 BRT; 54749.000000; 54730.000000; 54750.000000; 54715.000000; 3495.200000; 3494.100000; 3495.500000; 3494.000000;
159; 2016-05-02 09:02:49.627 BRT; 54745.000000; 54721.000000; 54750.000000; 54705.000000; 3495.200000; 3494.100000; 3495.500000; 3494.000000;
160; 2016-05-02 09:02:50.631 BRT; 54745.000000; 54720.000000; 54750.000000; 54705.000000; 3495.400000; 3494.200000; 3495.500000; 3494.000000;
161; 2016-05-02 09:02:51.666 BRT; 54748.000000; 54725.000000; 54750.000000; 54705.000000; 3495.000000; 3494.100000; 3495.500000; 3494.000000;
162; 2016-05-02 09:02:52.669 BRT; 54745.000000; 54720.000000; 54750.000000; 54705.000000; 3495.400000; 3494.100000; 3495.500000; 3494.000000;
163; 2016-05-02 09:02:53.734 BRT; 54790.000000; 54755.000000; 54800.000000; 54735.000000; 3495.500000; 3494.600000; 3496.000000; 3494.500000;
164; 2016-05-02 09:02:54.738 BRT; 54779.000000; 54747.000000; 54800.000000; 54735.000000; 3494.400000; 3493.500000; 3494.000000; 3493.000000;
165; 2016-05-02 09:02:55.746 BRT; 54779.000000; 54747.000000; 54800.000000; 54735.000000; 3494.100000; 3493.500000; 3494.000000; 3493.000000;
166; 2016-05-02 09:02:56.905 BRT; 54779.000000; 54751.000000; 54800.000000; 54735.000000; 3494.200000; 3493.500000; 3494.000000; 3493.000000;
167; 2016-05-02 09:02:57.918 BRT; 54779.000000; 54751.000000; 54800.000000; 54735.000000; 3494.000000; 3493.500000; 3494.000000; 3493.000000;
168; 2016-05-02 09:02:59.620 BRT; 54779.000000; 54753.000000; 54800.000000; 54750.000000; 3494.100000; 3493.500000; 3494.000000; 3493.000000;
169; 2016-05-02 09:03:00.100 BRT; 54769.000000; 54753.000000; 54800.000000; 54750.000000; 3494.000000; 3493.500000; 3494.000000; 3493.000000;
170; 2016-05-02 09:03:01.116 BRT; 54777.000000; 54753.000000; 54800.000000; 54750.000000; 3494.000000; 3493.500000; 3494.000000; 3493.000000;
171; 2016-05-02 09:03:02.194 BRT; 54777.000000; 54753.000000; 54800.000000; 54750.000000; 3494.000000; 3493.500000; 3494.000000; 3493.000000;
172; 2016-05-02 09:03:03.202 BRT; 54800.000000; 54765.000000; 54800.000000; 54750.000000; 3494.800000; 3493.700000; 3495.000000; 3494.000000;
173; 2016-05-02 09:03:04.218 BRT; 54800.000000; 54775.000000; 54800.000000; 54760.000000; 3494.500000; 3493.500000; 3495.000000; 3494.000000;
174; 2016-05-02 09:03:05.261 BRT; 54795.000000; 54762.000000; 54800.000000; 54750.000000; 3494.900000; 3493.800000; 3495.000000; 3494.000000;
175; 2016-05-02 09:03:06.315 BRT; 54796.000000; 54762.000000; 54800.000000; 54750.000000; 3494.700000; 3493.700000; 3495.000000; 3494.000000;
176; 2016-05-02 09:03:07.371 BRT; 54797.000000; 54761.000000; 54800.000000; 54750.000000; 3494.700000; 3493.600000; 3495.000000; 3494.000000;
177; 2016-05-02 09:03:08.405 BRT; 54805.000000; 54787.000000; 54800.000000; 54755.000000; 3494.900000; 3493.600000; 3495.000000; 3494.000000;
178; 2016-05-02 09:03:09.462 BRT; 54815.000000; 54790.000000; 54825.000000; 54780.000000; 3494.900000; 3493.600000; 3495.000000; 3494.000000;
179; 2016-05-02 09:03:10.488 BRT; 54814.000000; 54800.000000; 54825.000000; 54785.000000; 3495.500000; 3494.800000; 3496.000000; 3495.000000;
180; 2016-05-02 09:03:11.519 BRT; 54816.000000; 54800.000000; 54825.000000; 54785.000000; 3495.500000; 3494.600000; 3496.000000; 3495.000000;
181; 2016-05-02 09:03:12.532 BRT; 54820.000000; 54810.000000; 54825.000000; 54790.000000; 3495.500000; 3494.600000; 3496.000000; 3495.000000;
182; 2016-05-02 09:03:13.551 BRT; 54820.000000; 54806.000000; 54825.000000; 54785.000000; 3495.500000; 3494.700000; 3496.000000; 3495.000000;
183; 2016-05-02 09:03:14.564 BRT; 54820.000000; 54801.000000; 54825.000000; 54780.000000; 3495.500000; 3494.600000; 3496.000000; 3495.000000;
184; 2016-05-02 09:03:15.606 BRT; 54820.000000; 54801.000000; 54825.000000; 54790.000000; 3495.500000; 3494.600000; 3496.000000; 3495.000000;
185; 2016-05-02 09:03:16.725 BRT; 54820.000000; 54801.000000; 54830.000000; 54790.000000; 3496.000000; 3495.000000; 3496.500000; 3495.000000;
186; 2016-05-02 09:03:17.779 BRT; 54820.000000; 54800.000000; 54830.000000; 54780.000000; 3496.000000; 3495.000000; 3496.500000; 3495.000000;
187; 2016-05-02 09:03:18.781 BRT; 54836.000000; 54815.000000; 54840.000000; 54795.000000; 3496.000000; 3495.000000; 3496.500000; 3495.000000;
188; 2016-05-02 09:03:19.786 BRT; 54835.000000; 54808.000000; 54840.000000; 54795.000000; 3498.500000; 3497.500000; 3498.000000; 3497.500000;
189; 2016-05-02 09:03:20.791 BRT; 54835.000000; 54807.000000; 54840.000000; 54800.000000; 3498.500000; 3497.500000; 3498.000000; 3497.500000;
190; 2016-05-02 09:03:21.845 BRT; 54810.000000; 54790.000000; 54800.000000; 54785.000000; 3498.500000; 3497.500000; 3498.500000; 3497.500000;
191; 2016-05-02 09:03:22.867 BRT; 54807.000000; 54790.000000; 54800.000000; 54785.000000; 3498.500000; 3497.500000; 3498.500000; 3497.500000;
192; 2016-05-02 09:03:23.922 BRT; 54800.000000; 54790.000000; 54800.000000; 54785.000000; 3499.000000; 3498.000000; 3499.000000; 3497.500000;
193; 2016-05-02 09:03:24.973 BRT; 54800.000000; 54790.000000; 54800.000000; 54785.000000; 3498.800000; 3498.000000; 3499.000000; 3497.500000;
194; 2016-05-02 09:03:25.976 BRT; 54800.000000; 54791.000000; 54800.000000; 54785.000000; 3498.500000; 3497.600000; 3498.500000; 3497.500000;
195; 2016-05-02 09:03:26.984 BRT; 54795.000000; 54790.000000; 54800.000000; 54780.000000; 3498.500000; 3497.600000; 3498.500000; 3497.500000;
196; 2016-05-02 09:03:28.800 BRT; 54795.000000; 54790.000000; 54800.000000; 54780.000000; 3498.000000; 3497.500000; 3498.000000; 3497.500000;
197; 2016-05-02 09:03:29.340 BRT; 54800.000000; 54790.000000; 54800.000000; 54780.000000; 3498.000000; 3497.500000; 3498.000000; 3497.500000;
198; 2016-05-02 09:03:30.370 BRT; 54800.000000; 54790.000000; 54800.000000; 54780.000000; 3498.000000; 3497.500000; 3498.000000; 3497.500000;
199; 2016-05-02 09:03:31.960 BRT; 54800.000000; 54790.000000; 54800.000000; 54780.000000; 3498.000000; 3497.500000; 3498.000000; 3497.500000;
200; 2016-05-02 09:03:32.165 BRT; 54800.000000; 54790.000000; 54800.000000; 54780.000000; 3498.000000; 3497.500000; 3498.000000; 3497.500000;
201; 2016-05-02 09:03:33.213 BRT; 54800.000000; 54790.000000; 54800.000000; 54780.000000; 3497.500000; 3497.000000; 3498.000000; 3497.000000;
202; 2016-05-02 09:03:34.224 BRT; 54800.000000; 54790.000000; 54800.000000; 54780.000000; 3498.900000; 3498.000000; 3499.000000; 3498.000000;
203; 2016-05-02 09:03:35.427 BRT; 54800.000000; 54790.000000; 54800.000000; 54780.000000; 3499.000000; 3498.500000; 3499.500000; 3498.500000;
204; 2016-05-02 09:03:36.432 BRT; 54800.000000; 54790.000000; 54800.000000; 54780.000000; 3499.500000; 3498.700000; 3500.000000; 3499.000000;
205; 2016-05-02 09:03:37.455 BRT; 54800.000000; 54790.000000; 54800.000000; 54780.000000; 3500.000000; 3499.000000; 3500.000000; 3499.000000;
206; 2016-05-02 09:03:38.593 BRT; 54800.000000; 54790.000000; 54800.000000; 54785.000000; 3500.000000; 3499.000000; 3500.000000; 3499.500000;
207; 2016-05-02 09:03:39.608 BRT; 54800.000000; 54790.000000; 54800.000000; 54785.000000; 3500.000000; 3499.100000; 3500.000000; 3499.500000;
208; 2016-05-02 09:03:40.608 BRT; 54800.000000; 54790.000000; 54800.000000; 54785.000000; 3501.000000; 3500.500000; 3501.000000; 3500.000000;
209; 2016-05-02 09:03:41.614 BRT; 54800.000000; 54790.000000; 54800.000000; 54785.000000; 3500.800000; 3500.000000; 3501.000000; 3500.000000;
210; 2016-05-02 09:03:42.634 BRT; 54800.000000; 54790.000000; 54800.000000; 54785.000000; 3500.500000; 3500.000000; 3501.000000; 3500.000000;
211; 2016-05-02 09:03:43.636 BRT; 54800.000000; 54790.000000; 54800.000000; 54785.000000; 3501.000000; 3500.000000; 3501.000000; 3500.000000;
212; 2016-05-02 09:03:44.708 BRT; 54800.000000; 54790.000000; 54800.000000; 54785.000000; 3500.500000; 3500.000000; 3501.000000; 3500.000000;
213; 2016-05-02 09:03:45.738 BRT; 54801.000000; 54788.000000; 54800.000000; 54785.000000; 3500.800000; 3500.000000; 3501.000000; 3500.000000;
214; 2016-05-02 09:03:46.744 BRT; 54801.000000; 54788.000000; 54800.000000; 54775.000000; 3501.300000; 3500.500000; 3502.000000; 3500.000000;
215; 2016-05-02 09:03:47.760 BRT; 54800.000000; 54788.000000; 54800.000000; 54775.000000; 3501.000000; 3500.000000; 3501.500000; 3500.000000;
216; 2016-05-02 09:03:48.806 BRT; 54800.000000; 54787.000000; 54800.000000; 54775.000000; 3501.200000; 3500.500000; 3501.500000; 3501.000000;
217; 2016-05-02 09:03:49.811 BRT; 54800.000000; 54787.000000; 54800.000000; 54775.000000; 3500.600000; 3499.800000; 3501.000000; 3500.000000;
218; 2016-05-02 09:03:50.811 BRT; 54800.000000; 54787.000000; 54800.000000; 54775.000000; 3501.000000; 3500.500000; 3501.500000; 3500.500000;
219; 2016-05-02 09:03:51.812 BRT; 54800.000000; 54787.000000; 54800.000000; 54775.000000; 3500.900000; 3500.000000; 3501.500000; 3500.000000;
220; 2016-05-02 09:03:52.817 BRT; 54800.000000; 54787.000000; 54800.000000; 54775.000000; 3501.000000; 3500.000000; 3501.500000; 3500.000000;
221; 2016-05-02 09:03:53.837 BRT; 54800.000000; 54787.000000; 54800.000000; 54775.000000; 3500.500000; 3500.000000; 3501.000000; 3500.000000;
222; 2016-05-02 09:03:54.897 BRT; 54800.000000; 54787.000000; 54800.000000; 54775.000000; 3501.000000; 3500.000000; 3501.500000; 3500.500000;
223; 2016-05-02 09:03:55.922 BRT; 54800.000000; 54787.000000; 54800.000000; 54775.000000; 3500.500000; 3500.000000; 3501.500000; 3500.000000;
224; 2016-05-02 09:03:56.931 BRT; 54800.000000; 54787.000000; 54800.000000; 54775.000000; 3500.600000; 3500.000000; 3501.500000; 3500.000000;
225; 2016-05-02 09:03:57.953 BRT; 54799.000000; 54785.000000; 54800.000000; 54775.000000; 3500.500000; 3500.000000; 3501.000000; 3500.000000;
226; 2016-05-02 09:03:58.958 BRT; 54789.000000; 54768.000000; 54800.000000; 54760.000000; 3500.500000; 3500.000000; 3501.000000; 3500.000000;
227; 2016-05-02 09:03:59.967 BRT; 54800.000000; 54775.000000; 54800.000000; 54765.000000; 3500.500000; 3500.000000; 3501.000000; 3500.500000;
228; 2016-05-02 09:04:01.120 BRT; 54806.000000; 54775.000000; 54800.000000; 54765.000000; 3500.500000; 3499.900000; 3501.000000; 3500.500000;
229; 2016-05-02 09:04:02.700 BRT; 54802.000000; 54775.000000; 54800.000000; 54760.000000; 3500.500000; 3499.800000; 3501.000000; 3500.500000;
230; 2016-05-02 09:04:03.710 BRT; 54802.000000; 54775.000000; 54800.000000; 54760.000000; 3500.600000; 3500.000000; 3501.000000; 3500.000000;
231; 2016-05-02 09:04:04.740 BRT; 54802.000000; 54775.000000; 54800.000000; 54760.000000; 3500.600000; 3500.000000; 3500.500000; 3500.000000;
232; 2016-05-02 09:04:05.840 BRT; 54802.000000; 54775.000000; 54800.000000; 54760.000000; 3501.000000; 3500.500000; 3502.000000; 3500.500000;
233; 2016-05-02 09:04:06.113 BRT; 54813.000000; 54792.000000; 54815.000000; 54780.000000; 3501.000000; 3500.200000; 3501.500000; 3500.500000;
234; 2016-05-02 09:04:07.116 BRT; 54815.000000; 54792.000000; 54815.000000; 54780.000000; 3500.600000; 3500.000000; 3500.500000; 3500.000000;
235; 2016-05-02 09:04:08.135 BRT; 54811.000000; 54794.000000; 54815.000000; 54780.000000; 3500.500000; 3500.000000; 3500.500000; 3500.000000;
236; 2016-05-02 09:04:09.147 BRT; 54811.000000; 54794.000000; 54815.000000; 54780.000000; 3500.000000; 3499.500000; 3500.000000; 3499.500000;
237; 2016-05-02 09:04:10.194 BRT; 54837.000000; 54818.000000; 54845.000000; 54800.000000; 3500.000000; 3499.500000; 3500.000000; 3499.500000;
238; 2016-05-02 09:04:11.215 BRT; 54833.000000; 54815.000000; 54845.000000; 54800.000000; 3500.000000; 3499.500000; 3500.000000; 3499.500000;
239; 2016-05-02 09:04:12.264 BRT; 54820.000000; 54815.000000; 54825.000000; 54800.000000; 3500.000000; 3499.500000; 3500.500000; 3500.000000;
240; 2016-05-02 09:04:13.341 BRT; 54820.000000; 54806.000000; 54825.000000; 54800.000000; 3500.000000; 3499.500000; 3500.500000; 3500.000000;
241; 2016-05-02 09:04:14.388 BRT; 54820.000000; 54805.000000; 54835.000000; 54800.000000; 3500.500000; 3499.500000; 3500.500000; 3500.000000;
242; 2016-05-02 09:04:15.449 BRT; 54820.000000; 54805.000000; 54835.000000; 54800.000000; 3500.500000; 3499.500000; 3500.500000; 3500.000000;
243; 2016-05-02 09:04:16.478 BRT; 54820.000000; 54805.000000; 54835.000000; 54800.000000; 3499.500000; 3499.000000; 3500.000000; 3499.000000;
244; 2016-05-02 09:04:17.584 BRT; 54820.000000; 54805.000000; 54835.000000; 54800.000000; 3499.500000; 3498.500000; 3500.000000; 3499.000000;
245; 2016-05-02 09:04:18.677 BRT; 54826.000000; 54810.000000; 54840.000000; 54800.000000; 3499.500000; 3498.500000; 3500.000000; 3499.000000;
246; 2016-05-02 09:04:19.685 BRT; 54832.000000; 54809.000000; 54845.000000; 54805.000000; 3499.300000; 3498.500000; 3499.500000; 3499.000000;
247; 2016-05-02 09:04:20.689 BRT; 54832.000000; 54809.000000; 54845.000000; 54805.000000; 3499.300000; 3498.500000; 3499.500000; 3499.000000;
248; 2016-05-02 09:04:21.689 BRT; 54831.000000; 54808.000000; 54845.000000; 54805.000000; 3499.500000; 3498.500000; 3499.500000; 3499.000000;
249; 2016-05-02 09:04:22.693 BRT; 54831.000000; 54807.000000; 54845.000000; 54805.000000; 3499.000000; 3498.500000; 3499.500000; 3499.000000;
250; 2016-05-02 09:04:23.768 BRT; 54831.000000; 54807.000000; 54845.000000; 54805.000000; 3499.000000; 3498.500000; 3499.500000; 3499.000000;
251; 2016-05-02 09:04:24.783 BRT; 54831.000000; 54807.000000; 54845.000000; 54805.000000; 3499.000000; 3498.500000; 3499.500000; 3499.000000;
252; 2016-05-02 09:04:25.797 BRT; 54831.000000; 54807.000000; 54845.000000; 54805.000000; 3499.000000; 3498.500000; 3499.500000; 3499.000000;
253; 2016-05-02 09:04:26.820 BRT; 54831.000000; 54807.000000; 54845.000000; 54805.000000; 3499.000000; 3498.500000; 3499.500000; 3498.500000;
254; 2016-05-02 09:04:27.841 BRT; 54831.000000; 54807.000000; 54845.000000; 54805.000000; 3499.000000; 3498.200000; 3499.500000; 3498.500000;
255; 2016-05-02 09:04:28.842 BRT; 54830.000000; 54807.000000; 54845.000000; 54805.000000; 3499.000000; 3498.500000; 3499.500000; 3499.000000;
256; 2016-05-02 09:04:29.889 BRT; 54830.000000; 54807.000000; 54845.000000; 54805.000000; 3499.000000; 3498.000000; 3499.500000; 3498.500000;
257; 2016-05-02 09:04:30.901 BRT; 54825.000000; 54805.000000; 54835.000000; 54785.000000; 3499.000000; 3498.000000; 3499.500000; 3498.500000;
258; 2016-05-02 09:04:31.938 BRT; 54825.000000; 54804.000000; 54835.000000; 54785.000000; 3499.000000; 3498.500000; 3499.500000; 3498.500000;
259; 2016-05-02 09:04:32.962 BRT; 54833.000000; 54815.000000; 54840.000000; 54795.000000; 3499.000000; 3498.500000; 3499.500000; 3498.500000;
260; 2016-05-02 09:04:33.986 BRT; 54833.000000; 54815.000000; 54840.000000; 54795.000000; 3499.000000; 3498.500000; 3499.500000; 3498.500000;
261; 2016-05-02 09:04:35.120 BRT; 54833.000000; 54815.000000; 54840.000000; 54795.000000; 3499.000000; 3498.500000; 3499.500000; 3498.500000;
262; 2016-05-02 09:04:36.380 BRT; 54833.000000; 54815.000000; 54840.000000; 54795.000000; 3500.000000; 3499.000000; 3500.000000; 3499.500000;
263; 2016-05-02 09:04:37.152 BRT; 54829.000000; 54815.000000; 54840.000000; 54795.000000; 3499.000000; 3498.500000; 3499.000000; 3498.000000;
264; 2016-05-02 09:04:38.169 BRT; 54828.000000; 54815.000000; 54840.000000; 54795.000000; 3499.000000; 3498.500000; 3499.000000; 3498.000000;
265; 2016-05-02 09:04:39.254 BRT; 54828.000000; 54815.000000; 54840.000000; 54795.000000; 3499.000000; 3498.500000; 3499.000000; 3498.000000;
266; 2016-05-02 09:04:40.297 BRT; 54828.000000; 54815.000000; 54840.000000; 54795.000000; 3499.000000; 3498.500000; 3499.000000; 3498.000000;
267; 2016-05-02 09:04:41.325 BRT; 54820.000000; 54800.000000; 54830.000000; 54780.000000; 3499.000000; 3498.500000; 3499.000000; 3498.000000;
268; 2016-05-02 09:04:42.327 BRT; 54820.000000; 54800.000000; 54830.000000; 54780.000000; 3499.000000; 3498.500000; 3499.000000; 3498.000000;
269; 2016-05-02 09:04:43.369 BRT; 54820.000000; 54800.000000; 54830.000000; 54780.000000; 3499.000000; 3498.500000; 3499.000000; 3498.000000;
270; 2016-05-02 09:04:44.396 BRT; 54820.000000; 54800.000000; 54830.000000; 54780.000000; 3499.000000; 3498.500000; 3499.000000; 3498.000000;
271; 2016-05-02 09:04:45.528 BRT; 54819.000000; 54800.000000; 54830.000000; 54790.000000; 3499.000000; 3498.500000; 3499.000000; 3498.000000;
272; 2016-05-02 09:04:46.685 BRT; 54819.000000; 54800.000000; 54830.000000; 54790.000000; 3499.000000; 3498.000000; 3499.000000; 3498.000000;
273; 2016-05-02 09:04:47.807 BRT; 54819.000000; 54800.000000; 54830.000000; 54785.000000; 3498.700000; 3498.000000; 3499.000000; 3498.000000;
274; 2016-05-02 09:04:48.808 BRT; 54818.000000; 54800.000000; 54830.000000; 54785.000000; 3498.500000; 3498.000000; 3499.000000; 3498.000000;
275; 2016-05-02 09:04:49.834 BRT; 54818.000000; 54800.000000; 54830.000000; 54785.000000; 3498.500000; 3498.000000; 3499.000000; 3498.000000;
276; 2016-05-02 09:04:50.906 BRT; 54818.000000; 54800.000000; 54830.000000; 54785.000000; 3498.500000; 3498.000000; 3499.000000; 3498.000000;
277; 2016-05-02 09:04:51.960 BRT; 54818.000000; 54799.000000; 54830.000000; 54785.000000; 3499.000000; 3498.000000; 3499.000000; 3498.000000;
278; 2016-05-02 09:04:52.967 BRT; 54818.000000; 54799.000000; 54830.000000; 54785.000000; 3499.000000; 3498.000000; 3499.000000; 3498.000000;
279; 2016-05-02 09:04:53.976 BRT; 54814.000000; 54798.000000; 54830.000000; 54785.000000; 3499.000000; 3498.000000; 3499.000000; 3498.000000;
280; 2016-05-02 09:04:54.985 BRT; 54814.000000; 54798.000000; 54830.000000; 54785.000000; 3499.000000; 3498.000000; 3499.000000; 3498.000000;
281; 2016-05-02 09:04:56.116 BRT; 54814.000000; 54798.000000; 54830.000000; 54785.000000; 3498.800000; 3498.000000; 3499.000000; 3498.000000;
282; 2016-05-02 09:04:57.319 BRT; 54813.000000; 54798.000000; 54830.000000; 54785.000000; 3499.000000; 3498.000000; 3499.000000; 3498.000000;
283; 2016-05-02 09:04:58.342 BRT; 54813.000000; 54798.000000; 54830.000000; 54785.000000; 3499.000000; 3498.000000; 3499.000000; 3498.000000;
284; 2016-05-02 09:04:59.342 BRT; 54809.000000; 54790.000000; 54790.000000; 54785.000000; 3498.500000; 3498.000000; 3499.000000; 3498.000000;
285; 2016-05-02 09:05:00.354 BRT; 54820.000000; 54800.000000; 54830.000000; 54780.000000; 3498.500000; 3498.000000; 3499.000000; 3498.000000;
286; 2016-05-02 09:05:01.359 BRT; 54820.000000; 54800.000000; 54830.000000; 54780.000000; 3498.500000; 3498.000000; 3499.000000; 3498.000000;
287; 2016-05-02 09:05:02.735 BRT; 54820.000000; 54800.000000; 54830.000000; 54780.000000; 3498.500000; 3498.000000; 3499.000000; 3498.000000;
288; 2016-05-02 09:05:03.847 BRT; 54815.000000; 54797.000000; 54830.000000; 54780.000000; 3498.500000; 3498.000000; 3499.000000; 3498.000000;
289; 2016-05-02 09:05:04.873 BRT; 54815.000000; 54797.000000; 54830.000000; 54780.000000; 3499.000000; 3498.000000; 3499.000000; 3498.000000;
290; 2016-05-02 09:05:05.949 BRT; 54816.000000; 54798.000000; 54830.000000; 54780.000000; 3498.500000; 3498.000000; 3499.000000; 3498.000000;
291; 2016-05-02 09:05:06.957 BRT; 54815.000000; 54802.000000; 54830.000000; 54780.000000; 3499.000000; 3498.000000; 3499.000000; 3498.000000;
292; 2016-05-02 09:05:08.156 BRT; 54815.000000; 54802.000000; 54830.000000; 54780.000000; 3498.500000; 3498.000000; 3499.000000; 3498.000000;
293; 2016-05-02 09:05:09.188 BRT; 54815.000000; 54802.000000; 54830.000000; 54780.000000; 3498.500000; 3498.000000; 3499.000000; 3498.000000;
294; 2016-05-02 09:05:10.217 BRT; 54815.000000; 54794.000000; 54830.000000; 54780.000000; 3498.700000; 3498.000000; 3499.000000; 3498.000000;
295; 2016-05-02 09:05:11.238 BRT; 54815.000000; 54794.000000; 54830.000000; 54780.000000; 3498.500000; 3498.000000; 3499.000000; 3498.000000;
296; 2016-05-02 09:05:12.328 BRT; 54825.000000; 54801.000000; 54840.000000; 54795.000000; 3498.700000; 3498.000000; 3499.000000; 3498.000000;
297; 2016-05-02 09:05:13.373 BRT; 54830.000000; 54815.000000; 54840.000000; 54795.000000; 3499.000000; 3498.400000; 3499.000000; 3498.500000;
298; 2016-05-02 09:05:14.485 BRT; 54826.000000; 54805.000000; 54840.000000; 54795.000000; 3498.500000; 3498.000000; 3499.000000; 3498.000000;
299; 2016-05-02 09:05:15.602 BRT; 54830.000000; 54816.000000; 54840.000000; 54795.000000; 3498.500000; 3498.000000; 3499.000000; 3498.000000;
300; 2016-05-02 09:05:16.694 BRT; 54830.000000; 54813.000000; 54840.000000; 54795.000000; 3498.000000; 3497.000000; 3498.000000; 3497.000000;
301; 2016-05-02 09:05:17.702 BRT; 54833.000000; 54815.000000; 54840.000000; 54795.000000; 3497.500000; 3497.000000; 3498.000000; 3497.000000;
302; 2016-05-02 09:05:18.852 BRT; 54836.000000; 54814.000000; 54850.000000; 54800.000000; 3498.000000; 3497.000000; 3498.000000; 3497.000000;
303; 2016-05-02 09:05:19.880 BRT; 54840.000000; 54825.000000; 54850.000000; 54810.000000; 3498.000000; 3497.000000; 3498.000000; 3497.000000;
304; 2016-05-02 09:05:20.893 BRT; 54845.000000; 54824.000000; 54850.000000; 54810.000000; 3497.500000; 3497.000000; 3498.000000; 3497.000000;
305; 2016-05-02 09:05:21.918 BRT; 54845.000000; 54833.000000; 54850.000000; 54810.000000; 3497.600000; 3497.000000; 3498.000000; 3497.000000;
306; 2016-05-02 09:05:22.969 BRT; 54845.000000; 54833.000000; 54850.000000; 54810.000000; 3497.500000; 3497.000000; 3497.500000; 3497.000000;
307; 2016-05-02 09:05:23.985 BRT; 54850.000000; 54845.000000; 54855.000000; 54825.000000; 3497.500000; 3497.000000; 3497.500000; 3496.500000;
308; 2016-05-02 09:05:25.350 BRT; 54865.000000; 54850.000000; 54875.000000; 54840.000000; 3497.500000; 3497.000000; 3497.500000; 3496.500000;
309; 2016-05-02 09:05:26.132 BRT; 54857.000000; 54839.000000; 54865.000000; 54825.000000; 3497.500000; 3497.000000; 3497.500000; 3496.500000;
310; 2016-05-02 09:05:27.138 BRT; 54857.000000; 54839.000000; 54865.000000; 54825.000000; 3496.500000; 3496.000000; 3496.500000; 3495.500000;
311; 2016-05-02 09:05:28.180 BRT; 54860.000000; 54840.000000; 54865.000000; 54825.000000; 3496.500000; 3496.000000; 3496.500000; 3495.500000;
312; 2016-05-02 09:05:29.180 BRT; 54864.000000; 54840.000000; 54865.000000; 54830.000000; 3496.500000; 3496.000000; 3496.500000; 3495.500000;
313; 2016-05-02 09:05:30.318 BRT; 54860.000000; 54846.000000; 54865.000000; 54830.000000; 3496.000000; 3495.500000; 3496.000000; 3495.000000;
314; 2016-05-02 09:05:31.382 BRT; 54868.000000; 54850.000000; 54865.000000; 54835.000000; 3496.000000; 3495.500000; 3496.000000; 3495.000000;
315; 2016-05-02 09:05:32.382 BRT; 54860.000000; 54845.000000; 54865.000000; 54835.000000; 3496.000000; 3495.000000; 3496.000000; 3495.000000;
316; 2016-05-02 09:05:33.484 BRT; 54865.000000; 54847.000000; 54865.000000; 54835.000000; 3496.500000; 3495.900000; 3496.500000; 3495.500000;
317; 2016-05-02 09:05:34.547 BRT; 54870.000000; 54850.000000; 54865.000000; 54835.000000; 3496.500000; 3496.000000; 3496.500000; 3495.500000;
318; 2016-05-02 09:05:35.558 BRT; 54870.000000; 54850.000000; 54875.000000; 54835.000000; 3496.500000; 3496.000000; 3496.500000; 3495.500000;
319; 2016-05-02 09:05:36.559 BRT; 54875.000000; 54860.000000; 54885.000000; 54845.000000; 3496.500000; 3496.000000; 3496.500000; 3495.500000;
320; 2016-05-02 09:05:37.593 BRT; 54880.000000; 54860.000000; 54885.000000; 54845.000000; 3496.500000; 3496.000000; 3496.500000; 3495.500000;
321; 2016-05-02 09:05:38.630 BRT; 54878.000000; 54855.000000; 54885.000000; 54845.000000; 3496.500000; 3496.000000; 3496.500000; 3495.500000;
322; 2016-05-02 09:05:39.673 BRT; 54879.000000; 54865.000000; 54885.000000; 54845.000000; 3496.500000; 3496.000000; 3496.500000; 3495.500000;
323; 2016-05-02 09:05:40.719 BRT; 54879.000000; 54866.000000; 54885.000000; 54845.000000; 3495.200000; 3494.500000; 3495.000000; 3494.500000;
324; 2016-05-02 09:05:41.739 BRT; 54880.000000; 54861.000000; 54885.000000; 54845.000000; 3494.500000; 3493.500000; 3494.500000; 3493.500000;
325; 2016-05-02 09:05:42.739 BRT; 54890.000000; 54870.000000; 54890.000000; 54855.000000; 3494.500000; 3494.000000; 3494.500000; 3493.500000;
326; 2016-05-02 09:05:43.773 BRT; 54890.000000; 54870.000000; 54890.000000; 54850.000000; 3494.500000; 3493.800000; 3494.500000; 3493.500000;
327; 2016-05-02 09:05:44.776 BRT; 54890.000000; 54870.000000; 54890.000000; 54865.000000; 3494.500000; 3493.600000; 3494.500000; 3493.500000;
328; 2016-05-02 09:05:45.805 BRT; 54908.000000; 54890.000000; 54920.000000; 54885.000000; 3494.500000; 3494.000000; 3494.500000; 3493.500000;
329; 2016-05-02 09:05:46.819 BRT; 54900.000000; 54890.000000; 54920.000000; 54870.000000; 3494.500000; 3494.000000; 3494.500000; 3493.500000;
330; 2016-05-02 09:05:47.819 BRT; 54904.000000; 54884.000000; 54915.000000; 54870.000000; 3495.000000; 3494.000000; 3494.500000; 3493.500000;
331; 2016-05-02 09:05:48.912 BRT; 54904.000000; 54884.000000; 54915.000000; 54870.000000; 3494.700000; 3494.000000; 3494.500000; 3493.500000;
332; 2016-05-02 09:05:49.929 BRT; 54900.000000; 54876.000000; 54905.000000; 54870.000000; 3495.000000; 3494.000000; 3494.500000; 3493.500000;
333; 2016-05-02 09:05:50.955 BRT; 54900.000000; 54878.000000; 54910.000000; 54870.000000; 3495.700000; 3494.700000; 3495.500000; 3494.000000;
334; 2016-05-02 09:05:52.130 BRT; 54890.000000; 54870.000000; 54905.000000; 54860.000000; 3495.500000; 3494.700000; 3495.500000; 3494.000000;
335; 2016-05-02 09:05:53.170 BRT; 54890.000000; 54870.000000; 54905.000000; 54850.000000; 3495.600000; 3494.800000; 3495.500000; 3494.000000;
336; 2016-05-02 09:05:54.310 BRT; 54884.000000; 54870.000000; 54905.000000; 54850.000000; 3495.500000; 3495.000000; 3495.500000; 3494.000000;
337; 2016-05-02 09:05:55.370 BRT; 54884.000000; 54870.000000; 54905.000000; 54850.000000; 3495.500000; 3495.000000; 3495.500000; 3494.000000;
338; 2016-05-02 09:05:56.550 BRT; 54890.000000; 54871.000000; 54900.000000; 54860.000000; 3495.500000; 3495.000000; 3495.500000; 3494.500000;
339; 2016-05-02 09:05:57.243 BRT; 54890.000000; 54869.000000; 54900.000000; 54860.000000; 3495.500000; 3495.000000; 3495.500000; 3494.500000;
340; 2016-05-02 09:05:58.244 BRT; 54890.000000; 54869.000000; 54900.000000; 54860.000000; 3496.500000; 3495.900000; 3496.500000; 3495.500000;
341; 2016-05-02 09:05:59.252 BRT; 54890.000000; 54869.000000; 54900.000000; 54860.000000; 3496.500000; 3496.000000; 3496.500000; 3495.500000;
342; 2016-05-02 09:06:00.272 BRT; 54886.000000; 54868.000000; 54900.000000; 54860.000000; 3496.500000; 3495.900000; 3496.000000; 3495.500000;
343; 2016-05-02 09:06:01.299 BRT; 54886.000000; 54867.000000; 54900.000000; 54860.000000; 3496.500000; 3496.000000; 3496.000000; 3495.500000;
344; 2016-05-02 09:06:02.309 BRT; 54887.000000; 54870.000000; 54900.000000; 54860.000000; 3496.500000; 3496.000000; 3496.500000; 3495.500000;
345; 2016-05-02 09:06:03.310 BRT; 54886.000000; 54870.000000; 54900.000000; 54860.000000; 3496.500000; 3496.000000; 3496.500000; 3495.500000;
346; 2016-05-02 09:06:04.321 BRT; 54890.000000; 54878.000000; 54900.000000; 54865.000000; 3496.500000; 3496.000000; 3496.500000; 3495.500000;
347; 2016-05-02 09:06:05.351 BRT; 54875.000000; 54862.000000; 54885.000000; 54850.000000; 3497.000000; 3496.500000; 3497.000000; 3496.000000;
348; 2016-05-02 09:06:06.439 BRT; 54877.000000; 54860.000000; 54885.000000; 54850.000000; 3497.000000; 3496.500000; 3497.000000; 3496.000000;
349; 2016-05-02 09:06:07.582 BRT; 54876.000000; 54865.000000; 54885.000000; 54850.000000; 3497.000000; 3496.500000; 3497.000000; 3496.000000;
350; 2016-05-02 09:06:08.620 BRT; 54880.000000; 54865.000000; 54885.000000; 54850.000000; 3497.000000; 3496.500000; 3497.000000; 3496.000000;
351; 2016-05-02 09:06:09.668 BRT; 54880.000000; 54866.000000; 54885.000000; 54850.000000; 3497.000000; 3496.500000; 3497.000000; 3496.000000;
352; 2016-05-02 09:06:10.786 BRT; 54880.000000; 54866.000000; 54885.000000; 54850.000000; 3497.000000; 3496.500000; 3497.000000; 3496.000000;
353; 2016-05-02 09:06:11.989 BRT; 54872.000000; 54864.000000; 54885.000000; 54850.000000; 3497.000000; 3496.000000; 3497.000000; 3496.000000;
354; 2016-05-02 09:06:12.999 BRT; 54880.000000; 54864.000000; 54885.000000; 54850.000000; 3497.000000; 3496.000000; 3497.000000; 3496.000000;
355; 2016-05-02 09:06:14.680 BRT; 54873.000000; 54863.000000; 54885.000000; 54850.000000; 3497.000000; 3496.200000; 3497.000000; 3496.000000;
356; 2016-05-02 09:06:15.191 BRT; 54873.000000; 54862.000000; 54885.000000; 54850.000000; 3497.000000; 3496.500000; 3497.000000; 3496.000000;
357; 2016-05-02 09:06:16.236 BRT; 54873.000000; 54861.000000; 54885.000000; 54850.000000; 3497.000000; 3496.500000; 3497.000000; 3496.000000;
358; 2016-05-02 09:06:17.377 BRT; 54879.000000; 54864.000000; 54885.000000; 54850.000000; 3497.000000; 3496.500000; 3497.000000; 3496.000000;
359; 2016-05-02 09:06:18.447 BRT; 54880.000000; 54864.000000; 54885.000000; 54850.000000; 3497.000000; 3496.500000; 3497.000000; 3496.000000;
360; 2016-05-02 09:06:19.565 BRT; 54880.000000; 54870.000000; 54890.000000; 54850.000000; 3497.000000; 3496.500000; 3497.000000; 3496.000000;
361; 2016-05-02 09:06:20.590 BRT; 54880.000000; 54870.000000; 54890.000000; 54860.000000; 3497.000000; 3496.500000; 3497.000000; 3496.000000;
362; 2016-05-02 09:06:21.789 BRT; 54880.000000; 54870.000000; 54890.000000; 54860.000000; 3497.000000; 3496.500000; 3497.000000; 3496.000000;
363; 2016-05-02 09:06:22.790 BRT; 54880.000000; 54864.000000; 54890.000000; 54850.000000; 3497.000000; 3496.500000; 3497.000000; 3496.000000;
364; 2016-05-02 09:06:24.350 BRT; 54880.000000; 54864.000000; 54890.000000; 54850.000000; 3497.000000; 3496.500000; 3497.000000; 3496.000000;
365; 2016-05-02 09:06:25.370 BRT; 54875.000000; 54860.000000; 54890.000000; 54850.000000; 3497.000000; 3496.500000; 3497.000000; 3496.000000;
366; 2016-05-02 09:06:26.251 BRT; 54879.000000; 54860.000000; 54890.000000; 54850.000000; 3497.000000; 3496.000000; 3497.000000; 3496.000000;
367; 2016-05-02 09:06:27.310 BRT; 54870.000000; 54860.000000; 54890.000000; 54850.000000; 3497.000000; 3496.000000; 3497.000000; 3496.000000;
368; 2016-05-02 09:06:28.536 BRT; 54870.000000; 54860.000000; 54880.000000; 54850.000000; 3497.000000; 3496.000000; 3497.000000; 3496.000000;
369; 2016-05-02 09:06:29.545 BRT; 54870.000000; 54860.000000; 54880.000000; 54850.000000; 3497.000000; 3496.000000; 3497.000000; 3496.000000;
370; 2016-05-02 09:06:30.581 BRT; 54870.000000; 54860.000000; 54880.000000; 54850.000000; 3497.000000; 3496.000000; 3497.000000; 3496.000000;
371; 2016-05-02 09:06:31.593 BRT; 54860.000000; 54845.000000; 54865.000000; 54840.000000; 3497.000000; 3496.300000; 3497.000000; 3496.000000;
372; 2016-05-02 09:06:32.706 BRT; 54860.000000; 54845.000000; 54865.000000; 54840.000000; 3496.600000; 3496.000000; 3497.000000; 3496.000000;
373; 2016-05-02 09:06:33.706 BRT; 54860.000000; 54850.000000; 54865.000000; 54840.000000; 3496.500000; 3496.000000; 3497.000000; 3496.000000;
374; 2016-05-02 09:06:34.732 BRT; 54860.000000; 54845.000000; 54865.000000; 54840.000000; 3496.500000; 3496.000000; 3497.000000; 3496.000000;
375; 2016-05-02 09:06:35.904 BRT; 54860.000000; 54849.000000; 54865.000000; 54840.000000; 3496.500000; 3496.000000; 3497.000000; 3496.000000;
376; 2016-05-02 09:06:37.100 BRT; 54860.000000; 54848.000000; 54865.000000; 54840.000000; 3496.500000; 3496.000000; 3497.000000; 3496.000000;
377; 2016-05-02 09:06:38.120 BRT; 54870.000000; 54860.000000; 54880.000000; 54850.000000; 3496.400000; 3495.500000; 3496.500000; 3495.500000;
378; 2016-05-02 09:06:39.420 BRT; 54877.000000; 54860.000000; 54890.000000; 54850.000000; 3496.400000; 3495.500000; 3496.500000; 3495.500000;
379; 2016-05-02 09:06:40.234 BRT; 54875.000000; 54858.000000; 54890.000000; 54850.000000; 3496.400000; 3495.500000; 3496.500000; 3495.500000;
380; 2016-05-02 09:06:41.334 BRT; 54875.000000; 54860.000000; 54890.000000; 54850.000000; 3496.000000; 3495.500000; 3496.000000; 3495.500000;
381; 2016-05-02 09:06:42.352 BRT; 54875.000000; 54860.000000; 54890.000000; 54850.000000; 3496.000000; 3495.500000; 3496.000000; 3495.500000;
382; 2016-05-02 09:06:43.401 BRT; 54880.000000; 54860.000000; 54890.000000; 54850.000000; 3496.000000; 3495.500000; 3496.000000; 3495.500000;
383; 2016-05-02 09:06:44.453 BRT; 54880.000000; 54865.000000; 54890.000000; 54850.000000; 3496.000000; 3495.500000; 3496.000000; 3495.500000;
384; 2016-05-02 09:06:45.453 BRT; 54885.000000; 54870.000000; 54890.000000; 54860.000000; 3496.000000; 3495.500000; 3496.000000; 3495.500000;
385; 2016-05-02 09:06:46.466 BRT; 54885.000000; 54870.000000; 54890.000000; 54860.000000; 3496.000000; 3495.500000; 3496.000000; 3495.500000;
386; 2016-05-02 09:06:47.475 BRT; 54885.000000; 54870.000000; 54890.000000; 54860.000000; 3496.100000; 3495.500000; 3496.000000; 3495.500000;
387; 2016-05-02 09:06:48.543 BRT; 54885.000000; 54870.000000; 54890.000000; 54860.000000; 3496.000000; 3495.500000; 3496.000000; 3495.500000;
388; 2016-05-02 09:06:49.584 BRT; 54885.000000; 54870.000000; 54890.000000; 54860.000000; 3496.000000; 3495.500000; 3496.000000; 3495.500000;
389; 2016-05-02 09:06:50.625 BRT; 54890.000000; 54880.000000; 54895.000000; 54870.000000; 3496.000000; 3495.500000; 3496.000000; 3495.500000;
390; 2016-05-02 09:06:51.629 BRT; 54890.000000; 54880.000000; 54895.000000; 54870.000000; 3496.000000; 3495.500000; 3496.000000; 3495.500000;
391; 2016-05-02 09:06:52.664 BRT; 54890.000000; 54885.000000; 54895.000000; 54870.000000; 3496.000000; 3495.500000; 3496.000000; 3495.500000;
392; 2016-05-02 09:06:53.809 BRT; 54900.000000; 54885.000000; 54900.000000; 54875.000000; 3496.000000; 3495.500000; 3496.000000; 3495.500000;
393; 2016-05-02 09:06:54.814 BRT; 54910.000000; 54893.000000; 54915.000000; 54890.000000; 3495.500000; 3495.000000; 3496.000000; 3495.000000;
394; 2016-05-02 09:06:55.949 BRT; 54910.000000; 54893.000000; 54915.000000; 54890.000000; 3495.500000; 3495.000000; 3496.000000; 3495.000000;
395; 2016-05-02 09:06:57.153 BRT; 54905.000000; 54894.000000; 54915.000000; 54880.000000; 3495.500000; 3495.000000; 3495.500000; 3495.000000;
396; 2016-05-02 09:06:58.297 BRT; 54905.000000; 54893.000000; 54915.000000; 54880.000000; 3495.500000; 3495.000000; 3495.500000; 3495.000000;
397; 2016-05-02 09:06:59.336 BRT; 54907.000000; 54891.000000; 54915.000000; 54880.000000; 3495.500000; 3495.000000; 3495.500000; 3495.000000;
398; 2016-05-02 09:07:00.338 BRT; 54910.000000; 54890.000000; 54915.000000; 54880.000000; 3495.500000; 3495.000000; 3495.500000; 3495.000000;
399; 2016-05-02 09:07:01.401 BRT; 54905.000000; 54890.000000; 54915.000000; 54880.000000; 3495.500000; 3495.000000; 3495.500000; 3495.000000;
400; 2016-05-02 09:07:02.642 BRT; 54910.000000; 54890.000000; 54915.000000; 54890.000000; 3495.500000; 3495.000000; 3495.500000; 3495.000000;
401; 2016-05-02 09:07:03.911 BRT; 54910.000000; 54895.000000; 54915.000000; 54890.000000; 3495.000000; 3494.500000; 3495.000000; 3494.500000;
402; 2016-05-02 09:07:05.510 BRT; 54910.000000; 54895.000000; 54915.000000; 54890.000000; 3495.000000; 3494.500000; 3495.500000; 3494.500000;
403; 2016-05-02 09:07:06.173 BRT; 54909.000000; 54895.000000; 54915.000000; 54890.000000; 3495.500000; 3495.000000; 3495.500000; 3495.000000;
404; 2016-05-02 09:07:07.331 BRT; 54910.000000; 54895.000000; 54915.000000; 54890.000000; 3495.500000; 3495.000000; 3495.500000; 3495.000000;
405; 2016-05-02 09:07:08.365 BRT; 54910.000000; 54900.000000; 54915.000000; 54890.000000; 3495.500000; 3495.000000; 3495.500000; 3495.000000;
406; 2016-05-02 09:07:09.423 BRT; 54909.000000; 54895.000000; 54915.000000; 54890.000000; 3495.500000; 3494.600000; 3495.500000; 3494.500000;
407; 2016-05-02 09:07:10.427 BRT; 54905.000000; 54890.000000; 54915.000000; 54890.000000; 3495.500000; 3495.000000; 3495.500000; 3494.500000;
408; 2016-05-02 09:07:11.531 BRT; 54902.000000; 54885.000000; 54915.000000; 54880.000000; 3495.500000; 3495.000000; 3495.500000; 3494.500000;
409; 2016-05-02 09:07:12.543 BRT; 54902.000000; 54885.000000; 54915.000000; 54880.000000; 3495.500000; 3495.000000; 3495.500000; 3494.500000;
410; 2016-05-02 09:07:13.546 BRT; 54905.000000; 54890.000000; 54915.000000; 54880.000000; 3495.500000; 3495.000000; 3495.500000; 3494.500000;
411; 2016-05-02 09:07:14.582 BRT; 54905.000000; 54890.000000; 54915.000000; 54880.000000; 3495.500000; 3495.000000; 3495.500000; 3494.500000;
412; 2016-05-02 09:07:15.679 BRT; 54902.000000; 54885.000000; 54915.000000; 54880.000000; 3495.500000; 3495.000000; 3495.500000; 3494.500000;
413; 2016-05-02 09:07:16.716 BRT; 54898.000000; 54885.000000; 54915.000000; 54880.000000; 3495.500000; 3495.000000; 3495.500000; 3494.500000;
414; 2016-05-02 09:07:17.900 BRT; 54898.000000; 54885.000000; 54915.000000; 54880.000000; 3495.500000; 3495.000000; 3495.500000; 3494.500000;
415; 2016-05-02 09:07:18.944 BRT; 54900.000000; 54890.000000; 54915.000000; 54880.000000; 3495.500000; 3495.000000; 3495.500000; 3494.500000;
416; 2016-05-02 09:07:20.320 BRT; 54901.000000; 54890.000000; 54915.000000; 54880.000000; 3495.500000; 3495.000000; 3495.500000; 3494.500000;
417; 2016-05-02 09:07:21.500 BRT; 54900.000000; 54887.000000; 54915.000000; 54880.000000; 3495.500000; 3495.000000; 3495.500000; 3494.500000;
418; 2016-05-02 09:07:22.195 BRT; 54900.000000; 54890.000000; 54915.000000; 54880.000000; 3495.500000; 3495.000000; 3495.500000; 3494.500000;
419; 2016-05-02 09:07:23.445 BRT; 54895.000000; 54885.000000; 54905.000000; 54880.000000; 3495.500000; 3495.000000; 3495.500000; 3494.500000;
420; 2016-05-02 09:07:24.473 BRT; 54880.000000; 54868.000000; 54895.000000; 54860.000000; 3495.500000; 3495.000000; 3495.500000; 3494.500000;
421; 2016-05-02 09:07:25.592 BRT; 54885.000000; 54870.000000; 54895.000000; 54865.000000; 3495.500000; 3495.000000; 3495.500000; 3494.500000;
422; 2016-05-02 09:07:26.620 BRT; 54885.000000; 54873.000000; 54895.000000; 54865.000000; 3495.500000; 3495.000000; 3495.500000; 3494.500000;
423; 2016-05-02 09:07:27.620 BRT; 54920.000000; 54910.000000; 54940.000000; 54900.000000; 3495.500000; 3495.000000; 3495.500000; 3494.500000;
424; 2016-05-02 09:07:28.651 BRT; 54925.000000; 54910.000000; 54930.000000; 54900.000000; 3495.500000; 3495.000000; 3495.500000; 3494.500000;
425; 2016-05-02 09:07:29.732 BRT; 54920.000000; 54905.000000; 54930.000000; 54900.000000; 3495.500000; 3495.000000; 3495.500000; 3494.500000;
426; 2016-05-02 09:07:30.789 BRT; 54920.000000; 54905.000000; 54930.000000; 54900.000000; 3495.500000; 3495.000000; 3495.500000; 3494.500000;
427; 2016-05-02 09:07:32.120 BRT; 54890.000000; 54875.000000; 54905.000000; 54865.000000; 3495.500000; 3495.000000; 3495.500000; 3494.500000;
428; 2016-05-02 09:07:33.123 BRT; 54890.000000; 54875.000000; 54905.000000; 54865.000000; 3495.500000; 3495.000000; 3495.500000; 3494.500000;
429; 2016-05-02 09:07:34.465 BRT; 54885.000000; 54875.000000; 54895.000000; 54865.000000; 3495.500000; 3495.000000; 3495.500000; 3494.500000;
430; 2016-05-02 09:07:35.602 BRT; 54890.000000; 54873.000000; 54905.000000; 54865.000000; 3495.500000; 3495.000000; 3495.500000; 3494.500000;
431; 2016-05-02 09:07:36.747 BRT; 54890.000000; 54875.000000; 54905.000000; 54865.000000; 3495.500000; 3495.000000; 3495.500000; 3494.500000;
432; 2016-05-02 09:07:37.762 BRT; 54885.000000; 54871.000000; 54895.000000; 54865.000000; 3495.500000; 3495.000000; 3495.500000; 3495.000000;
433; 2016-05-02 09:07:38.806 BRT; 54890.000000; 54875.000000; 54895.000000; 54865.000000; 3495.500000; 3495.000000; 3495.500000; 3495.000000;
434; 2016-05-02 09:07:39.860 BRT; 54890.000000; 54875.000000; 54895.000000; 54865.000000; 3495.500000; 3495.000000; 3495.500000; 3495.000000;
435; 2016-05-02 09:07:41.800 BRT; 54890.000000; 54880.000000; 54895.000000; 54865.000000; 3495.500000; 3495.000000; 3495.500000; 3495.000000;
436; 2016-05-02 09:07:42.437 BRT; 54885.000000; 54875.000000; 54895.000000; 54865.000000; 3495.500000; 3495.000000; 3495.500000; 3495.000000;
437; 2016-05-02 09:07:43.794 BRT; 54885.000000; 54874.000000; 54895.000000; 54865.000000; 3495.500000; 3495.000000; 3495.500000; 3495.000000;
438; 2016-05-02 09:07:44.821 BRT; 54885.000000; 54870.000000; 54895.000000; 54865.000000; 3495.500000; 3495.000000; 3495.500000; 3495.000000;
439; 2016-05-02 09:07:46.800 BRT; 54885.000000; 54875.000000; 54895.000000; 54865.000000; 3495.500000; 3495.000000; 3495.500000; 3495.000000;
440; 2016-05-02 09:07:47.107 BRT; 54885.000000; 54875.000000; 54895.000000; 54865.000000; 3495.500000; 3495.000000; 3495.500000; 3495.000000;
441; 2016-05-02 09:07:48.166 BRT; 54885.000000; 54870.000000; 54895.000000; 54865.000000; 3495.500000; 3495.000000; 3495.500000; 3495.000000;
442; 2016-05-02 09:07:49.253 BRT; 54885.000000; 54870.000000; 54895.000000; 54865.000000; 3496.000000; 3495.500000; 3496.000000; 3495.000000;
443; 2016-05-02 09:07:50.295 BRT; 54890.000000; 54875.000000; 54895.000000; 54865.000000; 3496.000000; 3495.500000; 3496.000000; 3495.000000;
444; 2016-05-02 09:07:51.594 BRT; 54890.000000; 54875.000000; 54895.000000; 54865.000000; 3496.000000; 3495.500000; 3496.500000; 3495.500000;
445; 2016-05-02 09:07:52.625 BRT; 54890.000000; 54875.000000; 54895.000000; 54865.000000; 3496.000000; 3495.500000; 3496.000000; 3495.500000;
446; 2016-05-02 09:07:53.631 BRT; 54890.000000; 54875.000000; 54895.000000; 54865.000000; 3496.000000; 3495.500000; 3496.000000; 3495.500000;
447; 2016-05-02 09:07:54.732 BRT; 54890.000000; 54875.000000; 54895.000000; 54865.000000; 3496.500000; 3496.000000; 3496.500000; 3496.000000;
448; 2016-05-02 09:07:55.817 BRT; 54890.000000; 54875.000000; 54895.000000; 54865.000000; 3496.500000; 3496.000000; 3497.000000; 3496.000000;
449; 2016-05-02 09:07:57.180 BRT; 54890.000000; 54878.000000; 54895.000000; 54865.000000; 3495.800000; 3495.000000; 3496.000000; 3495.000000;
450; 2016-05-02 09:07:58.109 BRT; 54890.000000; 54878.000000; 54895.000000; 54865.000000; 3495.700000; 3495.000000; 3496.000000; 3495.000000;
451; 2016-05-02 09:07:59.113 BRT; 54890.000000; 54875.000000; 54895.000000; 54865.000000; 3495.700000; 3495.000000; 3496.000000; 3495.000000;
452; 2016-05-02 09:08:00.323 BRT; 54890.000000; 54875.000000; 54895.000000; 54865.000000; 3495.500000; 3495.000000; 3496.000000; 3495.000000;
453; 2016-05-02 09:08:01.372 BRT; 54890.000000; 54875.000000; 54895.000000; 54865.000000; 3496.000000; 3495.500000; 3496.000000; 3495.000000;
454; 2016-05-02 09:08:02.484 BRT; 54890.000000; 54875.000000; 54895.000000; 54865.000000; 3496.000000; 3495.500000; 3496.000000; 3495.000000;
455; 2016-05-02 09:08:03.687 BRT; 54890.000000; 54875.000000; 54895.000000; 54865.000000; 3496.000000; 3495.500000; 3496.000000; 3495.000000;
456; 2016-05-02 09:08:04.850 BRT; 54890.000000; 54875.000000; 54895.000000; 54865.000000; 3496.000000; 3495.500000; 3496.000000; 3495.000000;
457; 2016-05-02 09:08:05.871 BRT; 54890.000000; 54875.000000; 54895.000000; 54865.000000; 3496.000000; 3495.500000; 3496.000000; 3495.000000;
458; 2016-05-02 09:08:07.330 BRT; 54890.000000; 54875.000000; 54895.000000; 54865.000000; 3496.000000; 3495.500000; 3496.000000; 3495.000000;
459; 2016-05-02 09:08:08.340 BRT; 54899.000000; 54884.000000; 54900.000000; 54875.000000; 3496.000000; 3495.500000; 3496.000000; 3495.000000;
460; 2016-05-02 09:08:09.920 BRT; 54894.000000; 54880.000000; 54885.000000; 54875.000000; 3495.500000; 3495.000000; 3495.500000; 3495.000000;
461; 2016-05-02 09:08:10.111 BRT; 54885.000000; 54880.000000; 54895.000000; 54875.000000; 3495.500000; 3495.000000; 3495.500000; 3495.000000;
462; 2016-05-02 09:08:11.120 BRT; 54885.000000; 54875.000000; 54895.000000; 54865.000000; 3495.000000; 3494.500000; 3495.000000; 3494.000000;
463; 2016-05-02 09:08:12.174 BRT; 54885.000000; 54872.000000; 54890.000000; 54865.000000; 3495.000000; 3494.000000; 3495.000000; 3494.000000;
464; 2016-05-02 09:08:13.194 BRT; 54885.000000; 54880.000000; 54890.000000; 54865.000000; 3495.000000; 3494.000000; 3495.000000; 3494.000000;
465; 2016-05-02 09:08:14.313 BRT; 54890.000000; 54880.000000; 54900.000000; 54875.000000; 3494.000000; 3493.500000; 3494.500000; 3493.500000;
466; 2016-05-02 09:08:15.332 BRT; 54890.000000; 54880.000000; 54900.000000; 54875.000000; 3494.000000; 3493.500000; 3494.500000; 3493.500000;
467; 2016-05-02 09:08:16.370 BRT; 54890.000000; 54880.000000; 54900.000000; 54875.000000; 3494.000000; 3493.500000; 3494.500000; 3493.500000;
468; 2016-05-02 09:08:17.438 BRT; 54890.000000; 54880.000000; 54900.000000; 54875.000000; 3494.500000; 3494.000000; 3494.500000; 3493.500000;
469; 2016-05-02 09:08:18.443 BRT; 54890.000000; 54880.000000; 54900.000000; 54875.000000; 3494.500000; 3494.000000; 3494.500000; 3493.500000;
470; 2016-05-02 09:08:19.468 BRT; 54890.000000; 54880.000000; 54900.000000; 54875.000000; 3494.500000; 3494.000000; 3495.000000; 3494.000000;
471; 2016-05-02 09:08:20.583 BRT; 54890.000000; 54880.000000; 54900.000000; 54875.000000; 3494.500000; 3494.000000; 3495.000000; 3494.000000;
472; 2016-05-02 09:08:21.601 BRT; 54890.000000; 54883.000000; 54900.000000; 54875.000000; 3494.500000; 3494.000000; 3495.000000; 3494.000000;
473; 2016-05-02 09:08:22.630 BRT; 54890.000000; 54880.000000; 54900.000000; 54875.000000; 3494.500000; 3494.000000; 3495.000000; 3494.000000;
474; 2016-05-02 09:08:23.663 BRT; 54870.000000; 54859.000000; 54880.000000; 54850.000000; 3494.500000; 3494.000000; 3495.000000; 3494.000000;
475; 2016-05-02 09:08:24.747 BRT; 54870.000000; 54860.000000; 54880.000000; 54850.000000; 3494.500000; 3494.000000; 3495.000000; 3494.000000;
476; 2016-05-02 09:08:25.866 BRT; 54870.000000; 54860.000000; 54880.000000; 54850.000000; 3494.500000; 3493.500000; 3495.000000; 3493.500000;
477; 2016-05-02 09:08:26.882 BRT; 54850.000000; 54840.000000; 54860.000000; 54835.000000; 3494.500000; 3494.000000; 3495.000000; 3493.500000;
478; 2016-05-02 09:08:27.893 BRT; 54850.000000; 54840.000000; 54860.000000; 54835.000000; 3494.500000; 3494.000000; 3495.000000; 3493.500000;
479; 2016-05-02 09:08:28.960 BRT; 54850.000000; 54840.000000; 54860.000000; 54825.000000; 3494.500000; 3494.000000; 3495.000000; 3493.500000;
480; 2016-05-02 09:08:29.962 BRT; 54850.000000; 54840.000000; 54860.000000; 54825.000000; 3494.500000; 3494.000000; 3495.000000; 3493.500000;
481; 2016-05-02 09:08:31.640 BRT; 54855.000000; 54845.000000; 54860.000000; 54835.000000; 3494.000000; 3493.500000; 3494.500000; 3493.500000;
482; 2016-05-02 09:08:32.700 BRT; 54855.000000; 54840.000000; 54860.000000; 54835.000000; 3494.000000; 3493.500000; 3494.000000; 3493.500000;
483; 2016-05-02 09:08:33.218 BRT; 54855.000000; 54840.000000; 54860.000000; 54835.000000; 3494.000000; 3493.500000; 3494.000000; 3493.000000;
484; 2016-05-02 09:08:34.226 BRT; 54855.000000; 54840.000000; 54860.000000; 54835.000000; 3493.500000; 3493.000000; 3494.000000; 3493.000000;
485; 2016-05-02 09:08:35.232 BRT; 54850.000000; 54841.000000; 54860.000000; 54825.000000; 3494.000000; 3493.500000; 3494.000000; 3493.500000;
486; 2016-05-02 09:08:36.305 BRT; 54855.000000; 54840.000000; 54860.000000; 54825.000000; 3494.000000; 3493.500000; 3494.000000; 3493.500000;
487; 2016-05-02 09:08:37.305 BRT; 54850.000000; 54840.000000; 54860.000000; 54825.000000; 3493.500000; 3493.000000; 3493.500000; 3492.500000;
488; 2016-05-02 09:08:38.367 BRT; 54855.000000; 54840.000000; 54860.000000; 54825.000000; 3493.500000; 3493.000000; 3493.500000; 3492.500000;
489; 2016-05-02 09:08:39.437 BRT; 54855.000000; 54841.000000; 54860.000000; 54825.000000; 3493.500000; 3493.000000; 3493.500000; 3492.500000;
490; 2016-05-02 09:08:40.457 BRT; 54880.000000; 54870.000000; 54880.000000; 54855.000000; 3493.500000; 3493.000000; 3493.500000; 3492.500000;
491; 2016-05-02 09:08:41.474 BRT; 54879.000000; 54870.000000; 54880.000000; 54855.000000; 3493.500000; 3493.000000; 3493.500000; 3492.500000;
492; 2016-05-02 09:08:42.484 BRT; 54880.000000; 54868.000000; 54880.000000; 54855.000000; 3493.500000; 3492.600000; 3493.500000; 3492.500000;
493; 2016-05-02 09:08:43.515 BRT; 54880.000000; 54868.000000; 54880.000000; 54855.000000; 3493.500000; 3493.000000; 3493.500000; 3492.500000;
494; 2016-05-02 09:08:44.534 BRT; 54880.000000; 54868.000000; 54880.000000; 54855.000000; 3493.500000; 3493.000000; 3493.500000; 3492.500000;
495; 2016-05-02 09:08:45.548 BRT; 54888.000000; 54880.000000; 54895.000000; 54865.000000; 3493.500000; 3493.000000; 3493.500000; 3492.500000;
496; 2016-05-02 09:08:46.678 BRT; 54880.000000; 54869.000000; 54890.000000; 54860.000000; 3493.500000; 3493.000000; 3493.500000; 3492.500000;
497; 2016-05-02 09:08:47.785 BRT; 54880.000000; 54865.000000; 54890.000000; 54850.000000; 3493.500000; 3493.000000; 3493.500000; 3492.500000;
498; 2016-05-02 09:08:48.834 BRT; 54880.000000; 54865.000000; 54890.000000; 54850.000000; 3493.500000; 3493.000000; 3493.500000; 3492.500000;
499; 2016-05-02 09:08:49.834 BRT; 54880.000000; 54865.000000; 54890.000000; 54850.000000; 3493.500000; 3493.000000; 3493.500000; 3492.500000;
500; 2016-05-02 09:08:50.834 BRT; 54880.000000; 54870.000000; 54890.000000; 54860.000000; 3493.500000; 3493.000000; 3493.500000; 3492.500000;
501; 2016-05-02 09:08:51.885 BRT; 54880.000000; 54870.000000; 54890.000000; 54860.000000; 3493.500000; 3493.000000; 3493.500000; 3492.500000;
502; 2016-05-02 09:08:52.902 BRT; 54875.000000; 54865.000000; 54890.000000; 54860.000000; 3493.500000; 3493.000000; 3493.500000; 3492.500000;
503; 2016-05-02 09:08:53.927 BRT; 54875.000000; 54868.000000; 54890.000000; 54860.000000; 3493.500000; 3493.000000; 3493.500000; 3492.500000;
504; 2016-05-02 09:08:54.997 BRT; 54875.000000; 54868.000000; 54890.000000; 54860.000000; 3493.500000; 3493.000000; 3493.500000; 3492.500000;
505; 2016-05-02 09:08:56.115 BRT; 54875.000000; 54865.000000; 54890.000000; 54860.000000; 3493.500000; 3493.000000; 3493.500000; 3492.500000;
506; 2016-05-02 09:08:57.122 BRT; 54880.000000; 54870.000000; 54890.000000; 54860.000000; 3493.300000; 3492.500000; 3493.500000; 3492.500000;
507; 2016-05-02 09:08:58.172 BRT; 54880.000000; 54865.000000; 54890.000000; 54860.000000; 3493.000000; 3492.500000; 3493.500000; 3492.500000;
508; 2016-05-02 09:08:59.305 BRT; 54880.000000; 54865.000000; 54890.000000; 54860.000000; 3493.100000; 3492.500000; 3493.500000; 3492.500000;
509; 2016-05-02 09:09:00.447 BRT; 54880.000000; 54865.000000; 54890.000000; 54860.000000; 3493.100000; 3492.500000; 3493.500000; 3492.500000;
510; 2016-05-02 09:09:01.471 BRT; 54880.000000; 54869.000000; 54890.000000; 54860.000000; 3493.000000; 3492.500000; 3493.000000; 3492.000000;
511; 2016-05-02 09:09:02.497 BRT; 54875.000000; 54866.000000; 54890.000000; 54850.000000; 3493.000000; 3492.500000; 3493.000000; 3492.000000;
512; 2016-05-02 09:09:03.535 BRT; 54875.000000; 54864.000000; 54890.000000; 54855.000000; 3493.000000; 3492.500000; 3493.000000; 3492.000000;
513; 2016-05-02 09:09:04.559 BRT; 54880.000000; 54864.000000; 54890.000000; 54855.000000; 3493.000000; 3492.500000; 3493.000000; 3492.000000;
514; 2016-05-02 09:09:05.678 BRT; 54880.000000; 54864.000000; 54890.000000; 54855.000000; 3493.000000; 3492.500000; 3493.000000; 3492.000000;
515; 2016-05-02 09:09:06.731 BRT; 54880.000000; 54870.000000; 54890.000000; 54860.000000; 3493.000000; 3492.500000; 3493.000000; 3492.000000;
516; 2016-05-02 09:09:07.740 BRT; 54880.000000; 54870.000000; 54890.000000; 54860.000000; 3493.000000; 3492.500000; 3493.000000; 3492.000000;
517; 2016-05-02 09:09:08.829 BRT; 54880.000000; 54870.000000; 54890.000000; 54860.000000; 3493.000000; 3492.500000; 3493.000000; 3492.000000;
518; 2016-05-02 09:09:10.324 BRT; 54880.000000; 54869.000000; 54890.000000; 54860.000000; 3493.000000; 3492.500000; 3493.000000; 3492.000000;
519; 2016-05-02 09:09:11.328 BRT; 54880.000000; 54870.000000; 54890.000000; 54860.000000; 3493.000000; 3492.500000; 3493.000000; 3492.000000;
520; 2016-05-02 09:09:12.329 BRT; 54880.000000; 54871.000000; 54890.000000; 54860.000000; 3493.000000; 3492.500000; 3493.000000; 3492.000000;
521; 2016-05-02 09:09:13.360 BRT; 54885.000000; 54870.000000; 54890.000000; 54860.000000; 3493.000000; 3492.500000; 3493.000000; 3492.000000;
522; 2016-05-02 09:09:14.424 BRT; 54885.000000; 54870.000000; 54890.000000; 54860.000000; 3493.000000; 3492.500000; 3493.000000; 3492.000000;
523; 2016-05-02 09:09:15.424 BRT; 54870.000000; 54860.000000; 54880.000000; 54850.000000; 3492.500000; 3492.000000; 3492.500000; 3492.000000;
524; 2016-05-02 09:09:16.473 BRT; 54870.000000; 54860.000000; 54880.000000; 54850.000000; 3492.500000; 3492.000000; 3492.500000; 3492.000000;
525; 2016-05-02 09:09:17.478 BRT; 54870.000000; 54855.000000; 54880.000000; 54850.000000; 3492.600000; 3492.000000; 3492.500000; 3492.000000;
526; 2016-05-02 09:09:18.535 BRT; 54870.000000; 54855.000000; 54880.000000; 54850.000000; 3492.600000; 3492.000000; 3492.500000; 3492.000000;
527; 2016-05-02 09:09:19.603 BRT; 54870.000000; 54855.000000; 54880.000000; 54850.000000; 3492.600000; 3492.000000; 3492.500000; 3492.000000;
528; 2016-05-02 09:09:20.719 BRT; 54870.000000; 54856.000000; 54880.000000; 54850.000000; 3492.600000; 3492.000000; 3492.500000; 3492.000000;
529; 2016-05-02 09:09:21.721 BRT; 54870.000000; 54858.000000; 54880.000000; 54850.000000; 3492.500000; 3492.000000; 3492.000000; 3491.500000;
530; 2016-05-02 09:09:22.878 BRT; 54870.000000; 54858.000000; 54880.000000; 54850.000000; 3492.500000; 3492.000000; 3492.000000; 3491.500000;
531; 2016-05-02 09:09:23.940 BRT; 54870.000000; 54858.000000; 54880.000000; 54850.000000; 3492.500000; 3491.500000; 3492.000000; 3491.500000;
532; 2016-05-02 09:09:24.955 BRT; 54870.000000; 54858.000000; 54880.000000; 54850.000000; 3492.500000; 3491.500000; 3492.000000; 3491.500000;
533; 2016-05-02 09:09:25.983 BRT; 54870.000000; 54858.000000; 54880.000000; 54850.000000; 3492.500000; 3491.500000; 3492.000000; 3491.500000;
534; 2016-05-02 09:09:26.994 BRT; 54870.000000; 54858.000000; 54880.000000; 54850.000000; 3492.500000; 3491.500000; 3492.000000; 3491.500000;
535; 2016-05-02 09:09:28.110 BRT; 54875.000000; 54860.000000; 54880.000000; 54850.000000; 3492.000000; 3491.500000; 3492.000000; 3491.500000;
536; 2016-05-02 09:09:29.150 BRT; 54875.000000; 54860.000000; 54880.000000; 54850.000000; 3492.000000; 3491.500000; 3492.000000; 3491.500000;
537; 2016-05-02 09:09:30.920 BRT; 54875.000000; 54860.000000; 54880.000000; 54850.000000; 3492.000000; 3491.500000; 3492.000000; 3491.500000;
538; 2016-05-02 09:09:31.124 BRT; 54875.000000; 54860.000000; 54880.000000; 54850.000000; 3492.000000; 3491.500000; 3492.000000; 3491.500000;
539; 2016-05-02 09:09:32.141 BRT; 54865.000000; 54855.000000; 54875.000000; 54850.000000; 3491.600000; 3491.000000; 3492.000000; 3491.000000;
540; 2016-05-02 09:09:33.156 BRT; 54870.000000; 54860.000000; 54875.000000; 54850.000000; 3491.900000; 3491.000000; 3492.000000; 3491.000000;
541; 2016-05-02 09:09:34.228 BRT; 54871.000000; 54860.000000; 54875.000000; 54850.000000; 3491.700000; 3491.000000; 3492.000000; 3491.000000;
542; 2016-05-02 09:09:35.295 BRT; 54871.000000; 54860.000000; 54875.000000; 54850.000000; 3491.500000; 3491.000000; 3492.000000; 3491.000000;
543; 2016-05-02 09:09:36.413 BRT; 54871.000000; 54860.000000; 54875.000000; 54850.000000; 3491.500000; 3491.000000; 3492.000000; 3491.000000;
544; 2016-05-02 09:09:37.447 BRT; 54870.000000; 54858.000000; 54875.000000; 54850.000000; 3491.500000; 3491.000000; 3492.000000; 3491.000000;
545; 2016-05-02 09:09:38.462 BRT; 54870.000000; 54858.000000; 54875.000000; 54850.000000; 3491.500000; 3491.000000; 3491.500000; 3491.000000;
546; 2016-05-02 09:09:39.518 BRT; 54870.000000; 54858.000000; 54875.000000; 54850.000000; 3491.500000; 3491.000000; 3491.500000; 3491.000000;
547; 2016-05-02 09:09:40.580 BRT; 54875.000000; 54860.000000; 54875.000000; 54850.000000; 3492.000000; 3491.500000; 3492.000000; 3491.000000;
548; 2016-05-02 09:09:41.651 BRT; 54880.000000; 54870.000000; 54875.000000; 54855.000000; 3492.000000; 3491.500000; 3492.000000; 3491.000000;
549; 2016-05-02 09:09:42.652 BRT; 54880.000000; 54870.000000; 54885.000000; 54855.000000; 3492.000000; 3491.500000; 3492.000000; 3491.000000;
550; 2016-05-02 09:09:43.724 BRT; 54884.000000; 54870.000000; 54895.000000; 54860.000000; 3492.500000; 3491.500000; 3492.500000; 3491.500000;
551; 2016-05-02 09:09:44.780 BRT; 54881.000000; 54870.000000; 54895.000000; 54850.000000; 3492.400000; 3491.500000; 3492.500000; 3491.500000;
552; 2016-05-02 09:09:45.801 BRT; 54880.000000; 54868.000000; 54895.000000; 54850.000000; 3492.000000; 3491.500000; 3492.000000; 3491.000000;
553; 2016-05-02 09:09:46.837 BRT; 54880.000000; 54868.000000; 54895.000000; 54850.000000; 3492.000000; 3491.000000; 3492.000000; 3491.000000;
554; 2016-05-02 09:09:47.863 BRT; 54880.000000; 54870.000000; 54895.000000; 54850.000000; 3492.000000; 3491.200000; 3492.500000; 3491.000000;
555; 2016-05-02 09:09:48.892 BRT; 54885.000000; 54870.000000; 54895.000000; 54855.000000; 3492.000000; 3491.500000; 3492.500000; 3491.000000;
556; 2016-05-02 09:09:50.170 BRT; 54885.000000; 54870.000000; 54895.000000; 54855.000000; 3492.000000; 3491.500000; 3492.500000; 3491.000000;
557; 2016-05-02 09:09:51.480 BRT; 54885.000000; 54870.000000; 54895.000000; 54855.000000; 3492.000000; 3491.500000; 3492.500000; 3491.000000;
558; 2016-05-02 09:09:52.175 BRT; 54885.000000; 54870.000000; 54895.000000; 54855.000000; 3492.000000; 3491.500000; 3492.500000; 3491.000000;
559; 2016-05-02 09:09:53.191 BRT; 54885.000000; 54870.000000; 54895.000000; 54855.000000; 3492.000000; 3491.500000; 3492.500000; 3491.000000;
560; 2016-05-02 09:09:54.403 BRT; 54885.000000; 54870.000000; 54895.000000; 54855.000000; 3492.000000; 3491.500000; 3492.500000; 3491.000000;
561; 2016-05-02 09:09:55.640 BRT; 54885.000000; 54870.000000; 54895.000000; 54855.000000; 3492.000000; 3491.500000; 3492.500000; 3491.000000;
562; 2016-05-02 09:09:56.672 BRT; 54885.000000; 54870.000000; 54895.000000; 54855.000000; 3491.500000; 3491.000000; 3492.000000; 3490.500000;
563; 2016-05-02 09:09:57.761 BRT; 54890.000000; 54880.000000; 54885.000000; 54870.000000; 3491.500000; 3491.000000; 3492.000000; 3491.000000;
564; 2016-05-02 09:09:58.809 BRT; 54890.000000; 54880.000000; 54885.000000; 54870.000000; 3491.500000; 3491.000000; 3492.000000; 3491.000000;
565; 2016-05-02 09:09:59.842 BRT; 54890.000000; 54880.000000; 54885.000000; 54870.000000; 3491.500000; 3491.000000; 3492.000000; 3490.500000;
566; 2016-05-02 09:10:00.858 BRT; 54890.000000; 54880.000000; 54885.000000; 54870.000000; 3491.500000; 3491.000000; 3492.000000; 3490.500000;
567; 2016-05-02 09:10:01.869 BRT; 54890.000000; 54880.000000; 54885.000000; 54870.000000; 3491.500000; 3491.000000; 3491.500000; 3490.500000;
568; 2016-05-02 09:10:02.874 BRT; 54890.000000; 54880.000000; 54885.000000; 54865.000000; 3491.500000; 3491.000000; 3491.500000; 3490.500000;
569; 2016-05-02 09:10:03.995 BRT; 54895.000000; 54880.000000; 54885.000000; 54870.000000; 3491.500000; 3491.000000; 3491.500000; 3490.500000;
570; 2016-05-02 09:10:05.200 BRT; 54885.000000; 54875.000000; 54885.000000; 54865.000000; 3491.500000; 3491.000000; 3491.500000; 3490.500000;
571; 2016-05-02 09:10:06.117 BRT; 54888.000000; 54875.000000; 54885.000000; 54865.000000; 3491.500000; 3491.000000; 3491.500000; 3490.500000;
572; 2016-05-02 09:10:07.142 BRT; 54888.000000; 54880.000000; 54885.000000; 54865.000000; 3492.500000; 3492.000000; 3492.500000; 3491.500000;
573; 2016-05-02 09:10:08.159 BRT; 54885.000000; 54880.000000; 54885.000000; 54865.000000; 3492.500000; 3492.000000; 3492.500000; 3491.500000;
574; 2016-05-02 09:10:09.230 BRT; 54890.000000; 54880.000000; 54885.000000; 54865.000000; 3492.500000; 3492.000000; 3492.500000; 3491.500000;
575; 2016-05-02 09:10:10.476 BRT; 54890.000000; 54880.000000; 54885.000000; 54865.000000; 3492.500000; 3492.000000; 3492.500000; 3491.500000;
576; 2016-05-02 09:10:11.533 BRT; 54890.000000; 54880.000000; 54885.000000; 54865.000000; 3492.500000; 3492.000000; 3492.500000; 3491.500000;
577; 2016-05-02 09:10:12.582 BRT; 54890.000000; 54880.000000; 54885.000000; 54865.000000; 3492.500000; 3492.000000; 3492.500000; 3491.500000;
578; 2016-05-02 09:10:13.621 BRT; 54894.000000; 54885.000000; 54900.000000; 54870.000000; 3492.500000; 3491.500000; 3492.500000; 3491.500000;
579; 2016-05-02 09:10:14.627 BRT; 54895.000000; 54885.000000; 54900.000000; 54870.000000; 3492.500000; 3492.000000; 3492.500000; 3491.500000;
580; 2016-05-02 09:10:15.736 BRT; 54895.000000; 54885.000000; 54900.000000; 54870.000000; 3492.500000; 3492.000000; 3492.500000; 3491.500000;
581; 2016-05-02 09:10:17.000 BRT; 54895.000000; 54885.000000; 54900.000000; 54870.000000; 3492.500000; 3492.000000; 3492.500000; 3491.500000;
582; 2016-05-02 09:10:18.380 BRT; 54900.000000; 54885.000000; 54900.000000; 54870.000000; 3493.000000; 3492.500000; 3493.000000; 3492.000000;
583; 2016-05-02 09:10:19.410 BRT; 54900.000000; 54885.000000; 54900.000000; 54870.000000; 3493.000000; 3492.500000; 3493.000000; 3492.000000;
584; 2016-05-02 09:10:20.500 BRT; 54900.000000; 54885.000000; 54900.000000; 54870.000000; 3493.000000; 3492.500000; 3493.000000; 3492.000000;
585; 2016-05-02 09:10:21.135 BRT; 54895.000000; 54885.000000; 54900.000000; 54870.000000; 3493.500000; 3493.000000; 3493.000000; 3492.500000;
586; 2016-05-02 09:10:22.171 BRT; 54895.000000; 54885.000000; 54900.000000; 54870.000000; 3493.500000; 3493.000000; 3493.000000; 3492.500000;
587; 2016-05-02 09:10:23.356 BRT; 54895.000000; 54885.000000; 54900.000000; 54870.000000; 3493.500000; 3493.000000; 3493.000000; 3492.500000;
588; 2016-05-02 09:10:24.525 BRT; 54895.000000; 54885.000000; 54900.000000; 54870.000000; 3493.500000; 3493.000000; 3493.000000; 3492.500000;
589; 2016-05-02 09:10:25.525 BRT; 54895.000000; 54885.000000; 54900.000000; 54870.000000; 3492.000000; 3491.500000; 3492.500000; 3491.500000;
590; 2016-05-02 09:10:26.571 BRT; 54900.000000; 54885.000000; 54900.000000; 54870.000000; 3492.000000; 3491.500000; 3492.500000; 3491.500000;
591; 2016-05-02 09:10:27.620 BRT; 54900.000000; 54885.000000; 54900.000000; 54870.000000; 3492.000000; 3491.500000; 3492.500000; 3491.500000;
592; 2016-05-02 09:10:28.627 BRT; 54895.000000; 54880.000000; 54900.000000; 54870.000000; 3492.000000; 3491.500000; 3492.500000; 3491.500000;
593; 2016-05-02 09:10:29.721 BRT; 54900.000000; 54890.000000; 54905.000000; 54870.000000; 3492.000000; 3491.500000; 3492.500000; 3491.500000;
594; 2016-05-02 09:10:30.752 BRT; 54900.000000; 54890.000000; 54905.000000; 54880.000000; 3492.000000; 3491.500000; 3492.500000; 3491.500000;
595; 2016-05-02 09:10:32.900 BRT; 54900.000000; 54890.000000; 54905.000000; 54880.000000; 3492.500000; 3491.900000; 3492.500000; 3492.000000;
596; 2016-05-02 09:10:33.140 BRT; 54900.000000; 54890.000000; 54905.000000; 54890.000000; 3492.000000; 3491.500000; 3492.500000; 3491.500000;
597; 2016-05-02 09:10:34.210 BRT; 54900.000000; 54890.000000; 54905.000000; 54890.000000; 3491.500000; 3491.000000; 3491.500000; 3490.500000;
598; 2016-05-02 09:10:35.220 BRT; 54935.000000; 54925.000000; 54940.000000; 54910.000000; 3491.500000; 3491.000000; 3491.500000; 3490.500000;
599; 2016-05-02 09:10:36.690 BRT; 54938.000000; 54925.000000; 54940.000000; 54910.000000; 3491.000000; 3490.500000; 3491.000000; 3490.500000;
600; 2016-05-02 09:10:37.700 BRT; 54940.000000; 54930.000000; 54940.000000; 54910.000000; 3491.000000; 3490.500000; 3491.000000; 3490.500000;
601; 2016-05-02 09:10:38.126 BRT; 54935.000000; 54925.000000; 54940.000000; 54910.000000; 3491.000000; 3490.000000; 3491.000000; 3490.500000;
602; 2016-05-02 09:10:39.132 BRT; 54935.000000; 54920.000000; 54940.000000; 54910.000000; 3491.000000; 3490.400000; 3491.000000; 3490.500000;
603; 2016-05-02 09:10:40.167 BRT; 54939.000000; 54920.000000; 54940.000000; 54910.000000; 3491.000000; 3490.500000; 3491.000000; 3490.500000;
604; 2016-05-02 09:10:41.208 BRT; 54939.000000; 54930.000000; 54940.000000; 54910.000000; 3491.500000; 3490.600000; 3491.500000; 3490.500000;
605; 2016-05-02 09:10:42.305 BRT; 54935.000000; 54925.000000; 54940.000000; 54910.000000; 3491.500000; 3491.000000; 3491.500000; 3491.000000;
606; 2016-05-02 09:10:43.364 BRT; 54940.000000; 54925.000000; 54945.000000; 54910.000000; 3491.500000; 3491.000000; 3491.500000; 3491.000000;
607; 2016-05-02 09:10:44.367 BRT; 54961.000000; 54950.000000; 54970.000000; 54940.000000; 3491.000000; 3490.500000; 3491.500000; 3490.500000;
608; 2016-05-02 09:10:45.374 BRT; 54962.000000; 54945.000000; 54970.000000; 54930.000000; 3491.000000; 3490.500000; 3491.500000; 3490.500000;
609; 2016-05-02 09:10:46.407 BRT; 54960.000000; 54945.000000; 54970.000000; 54935.000000; 3491.000000; 3490.500000; 3491.500000; 3491.000000;
610; 2016-05-02 09:10:47.488 BRT; 54955.000000; 54940.000000; 54970.000000; 54930.000000; 3491.000000; 3490.500000; 3491.500000; 3491.000000;
611; 2016-05-02 09:10:48.490 BRT; 54957.000000; 54945.000000; 54970.000000; 54930.000000; 3491.000000; 3490.500000; 3491.500000; 3491.000000;
612; 2016-05-02 09:10:49.519 BRT; 54960.000000; 54950.000000; 54970.000000; 54930.000000; 3491.000000; 3490.500000; 3491.500000; 3490.500000;
613; 2016-05-02 09:10:50.519 BRT; 54960.000000; 54950.000000; 54965.000000; 54930.000000; 3490.500000; 3489.500000; 3491.000000; 3490.000000;
614; 2016-05-02 09:10:51.523 BRT; 54956.000000; 54945.000000; 54965.000000; 54930.000000; 3491.000000; 3490.300000; 3491.500000; 3491.000000;
615; 2016-05-02 09:10:52.533 BRT; 54955.000000; 54945.000000; 54965.000000; 54930.000000; 3491.000000; 3490.000000; 3491.500000; 3490.500000;
616; 2016-05-02 09:10:53.546 BRT; 54960.000000; 54950.000000; 54965.000000; 54940.000000; 3490.500000; 3490.000000; 3491.000000; 3490.500000;
617; 2016-05-02 09:10:54.562 BRT; 54960.000000; 54950.000000; 54965.000000; 54940.000000; 3490.500000; 3490.000000; 3491.000000; 3490.500000;
618; 2016-05-02 09:10:55.565 BRT; 54960.000000; 54950.000000; 54965.000000; 54940.000000; 3490.500000; 3490.000000; 3491.000000; 3490.500000;
619; 2016-05-02 09:10:56.566 BRT; 54960.000000; 54955.000000; 54965.000000; 54940.000000; 3490.500000; 3489.900000; 3491.000000; 3490.500000;
620; 2016-05-02 09:10:57.594 BRT; 54960.000000; 54950.000000; 54965.000000; 54940.000000; 3490.500000; 3490.000000; 3491.000000; 3490.500000;
621; 2016-05-02 09:10:58.608 BRT; 54955.000000; 54942.000000; 54965.000000; 54930.000000; 3491.000000; 3490.400000; 3491.500000; 3490.500000;
622; 2016-05-02 09:10:59.773 BRT; 54959.000000; 54942.000000; 54965.000000; 54930.000000; 3491.000000; 3490.400000; 3491.500000; 3490.500000;
623; 2016-05-02 09:11:00.794 BRT; 54959.000000; 54945.000000; 54965.000000; 54930.000000; 3491.000000; 3490.000000; 3491.000000; 3490.500000;
624; 2016-05-02 09:11:01.814 BRT; 54956.000000; 54945.000000; 54965.000000; 54930.000000; 3491.000000; 3490.500000; 3491.000000; 3490.500000;
625; 2016-05-02 09:11:02.875 BRT; 54935.000000; 54925.000000; 54945.000000; 54910.000000; 3490.500000; 3490.000000; 3491.000000; 3490.500000;
626; 2016-05-02 09:11:03.880 BRT; 54934.000000; 54925.000000; 54945.000000; 54910.000000; 3490.500000; 3490.000000; 3491.000000; 3490.500000;
627; 2016-05-02 09:11:04.886 BRT; 54940.000000; 54930.000000; 54945.000000; 54910.000000; 3490.500000; 3490.000000; 3491.000000; 3490.500000;
628; 2016-05-02 09:11:05.962 BRT; 54940.000000; 54930.000000; 54945.000000; 54910.000000; 3490.500000; 3490.000000; 3491.000000; 3490.500000;
629; 2016-05-02 09:11:06.967 BRT; 54940.000000; 54930.000000; 54945.000000; 54910.000000; 3490.500000; 3490.000000; 3491.000000; 3490.500000;
630; 2016-05-02 09:11:07.972 BRT; 54940.000000; 54930.000000; 54945.000000; 54910.000000; 3490.500000; 3490.000000; 3491.000000; 3490.500000;
631; 2016-05-02 09:11:09.460 BRT; 54940.000000; 54930.000000; 54945.000000; 54910.000000; 3491.000000; 3490.000000; 3491.000000; 3490.500000;
632; 2016-05-02 09:11:10.110 BRT; 54940.000000; 54930.000000; 54945.000000; 54910.000000; 3490.500000; 3490.000000; 3491.000000; 3490.500000;
633; 2016-05-02 09:11:11.217 BRT; 54940.000000; 54930.000000; 54945.000000; 54910.000000; 3490.500000; 3490.000000; 3491.000000; 3490.500000;
634; 2016-05-02 09:11:12.226 BRT; 54940.000000; 54930.000000; 54945.000000; 54910.000000; 3490.500000; 3490.000000; 3491.000000; 3490.000000;
635; 2016-05-02 09:11:13.246 BRT; 54935.000000; 54925.000000; 54945.000000; 54910.000000; 3490.500000; 3490.000000; 3491.000000; 3490.000000;
636; 2016-05-02 09:11:14.278 BRT; 54936.000000; 54925.000000; 54945.000000; 54910.000000; 3490.500000; 3490.000000; 3491.000000; 3490.000000;
637; 2016-05-02 09:11:15.366 BRT; 54935.000000; 54925.000000; 54945.000000; 54910.000000; 3490.500000; 3490.000000; 3490.500000; 3490.000000;
638; 2016-05-02 09:11:16.367 BRT; 54936.000000; 54925.000000; 54945.000000; 54910.000000; 3489.000000; 3488.500000; 3489.500000; 3488.500000;
639; 2016-05-02 09:11:17.388 BRT; 54935.000000; 54925.000000; 54945.000000; 54910.000000; 3489.000000; 3488.500000; 3489.000000; 3488.500000;
640; 2016-05-02 09:11:18.442 BRT; 54940.000000; 54930.000000; 54945.000000; 54910.000000; 3489.000000; 3488.500000; 3489.000000; 3488.500000;
641; 2016-05-02 09:11:19.447 BRT; 54940.000000; 54930.000000; 54945.000000; 54910.000000; 3489.500000; 3489.000000; 3490.000000; 3489.000000;
642; 2016-05-02 09:11:20.527 BRT; 54940.000000; 54929.000000; 54945.000000; 54910.000000; 3489.500000; 3489.000000; 3490.000000; 3489.000000;
643; 2016-05-02 09:11:21.601 BRT; 54940.000000; 54929.000000; 54945.000000; 54910.000000; 3489.500000; 3489.000000; 3490.000000; 3489.000000;
644; 2016-05-02 09:11:22.603 BRT; 54940.000000; 54929.000000; 54945.000000; 54910.000000; 3489.500000; 3488.900000; 3490.000000; 3489.000000;
645; 2016-05-02 09:11:23.607 BRT; 54940.000000; 54929.000000; 54945.000000; 54910.000000; 3489.500000; 3489.000000; 3490.000000; 3489.000000;
646; 2016-05-02 09:11:24.611 BRT; 54940.000000; 54929.000000; 54945.000000; 54910.000000; 3489.500000; 3489.000000; 3490.000000; 3489.000000;
647; 2016-05-02 09:11:25.635 BRT; 54939.000000; 54929.000000; 54945.000000; 54910.000000; 3490.000000; 3489.500000; 3490.000000; 3489.000000;
648; 2016-05-02 09:11:26.728 BRT; 54935.000000; 54925.000000; 54945.000000; 54910.000000; 3490.000000; 3489.500000; 3490.000000; 3489.000000;
649; 2016-05-02 09:11:27.739 BRT; 54937.000000; 54925.000000; 54945.000000; 54910.000000; 3490.000000; 3489.500000; 3490.000000; 3489.000000;
650; 2016-05-02 09:11:28.850 BRT; 54940.000000; 54930.000000; 54945.000000; 54910.000000; 3490.000000; 3489.500000; 3490.000000; 3489.000000;
651; 2016-05-02 09:11:29.951 BRT; 54936.000000; 54925.000000; 54945.000000; 54910.000000; 3490.000000; 3489.500000; 3490.000000; 3489.000000;
652; 2016-05-02 09:11:31.180 BRT; 54940.000000; 54930.000000; 54945.000000; 54910.000000; 3490.000000; 3489.500000; 3490.000000; 3489.000000;
653; 2016-05-02 09:11:32.320 BRT; 54940.000000; 54930.000000; 54945.000000; 54910.000000; 3490.000000; 3489.500000; 3490.000000; 3489.500000;
654; 2016-05-02 09:11:33.580 BRT; 54940.000000; 54930.000000; 54945.000000; 54910.000000; 3489.800000; 3489.000000; 3490.000000; 3489.000000;
655; 2016-05-02 09:11:34.590 BRT; 54940.000000; 54930.000000; 54945.000000; 54910.000000; 3489.800000; 3489.000000; 3490.000000; 3489.000000;
656; 2016-05-02 09:11:35.730 BRT; 54945.000000; 54935.000000; 54955.000000; 54920.000000; 3490.000000; 3489.000000; 3490.500000; 3489.000000;
657; 2016-05-02 09:11:36.131 BRT; 54945.000000; 54930.000000; 54940.000000; 54920.000000; 3489.700000; 3489.000000; 3490.000000; 3489.000000;
658; 2016-05-02 09:11:37.136 BRT; 54960.000000; 54955.000000; 54965.000000; 54950.000000; 3489.500000; 3489.000000; 3490.000000; 3489.000000;
659; 2016-05-02 09:11:38.141 BRT; 54960.000000; 54955.000000; 54965.000000; 54950.000000; 3489.500000; 3489.000000; 3490.000000; 3489.000000;
660; 2016-05-02 09:11:39.289 BRT; 54960.000000; 54950.000000; 54965.000000; 54950.000000; 3489.500000; 3489.000000; 3490.000000; 3489.000000;
661; 2016-05-02 09:11:40.295 BRT; 54960.000000; 54950.000000; 54965.000000; 54950.000000; 3489.500000; 3489.000000; 3490.000000; 3489.000000;
662; 2016-05-02 09:11:41.322 BRT; 54960.000000; 54950.000000; 54965.000000; 54950.000000; 3489.500000; 3489.000000; 3490.000000; 3489.000000;
663; 2016-05-02 09:11:42.343 BRT; 54959.000000; 54950.000000; 54965.000000; 54950.000000; 3489.500000; 3489.000000; 3490.000000; 3489.000000;
664; 2016-05-02 09:11:43.348 BRT; 54960.000000; 54950.000000; 54965.000000; 54950.000000; 3489.500000; 3489.000000; 3490.000000; 3489.000000;
665; 2016-05-02 09:11:44.354 BRT; 54960.000000; 54949.000000; 54965.000000; 54950.000000; 3489.500000; 3489.000000; 3490.000000; 3489.000000;
666; 2016-05-02 09:11:45.448 BRT; 54960.000000; 54949.000000; 54965.000000; 54950.000000; 3489.500000; 3489.000000; 3490.000000; 3489.000000;
667; 2016-05-02 09:11:46.458 BRT; 54960.000000; 54949.000000; 54965.000000; 54950.000000; 3489.500000; 3489.000000; 3490.000000; 3489.000000;
668; 2016-05-02 09:11:47.507 BRT; 54960.000000; 54950.000000; 54965.000000; 54950.000000; 3489.500000; 3489.000000; 3490.000000; 3489.000000;
669; 2016-05-02 09:11:48.748 BRT; 54955.000000; 54945.000000; 54965.000000; 54950.000000; 3489.500000; 3489.000000; 3490.000000; 3489.000000;
670; 2016-05-02 09:11:49.822 BRT; 54955.000000; 54945.000000; 54965.000000; 54950.000000; 3489.000000; 3488.500000; 3489.000000; 3488.500000;
671; 2016-05-02 09:11:50.865 BRT; 54960.000000; 54950.000000; 54965.000000; 54950.000000; 3489.000000; 3488.500000; 3489.000000; 3488.500000;
672; 2016-05-02 09:11:51.996 BRT; 54960.000000; 54950.000000; 54965.000000; 54950.000000; 3489.000000; 3488.500000; 3489.000000; 3488.500000;
673; 2016-05-02 09:11:53.900 BRT; 54955.000000; 54945.000000; 54965.000000; 54950.000000; 3489.000000; 3488.500000; 3489.000000; 3488.500000;
674; 2016-05-02 09:11:54.120 BRT; 54954.000000; 54945.000000; 54965.000000; 54950.000000; 3489.000000; 3488.500000; 3489.000000; 3488.500000;
675; 2016-05-02 09:11:55.530 BRT; 54954.000000; 54945.000000; 54965.000000; 54950.000000; 3489.000000; 3488.500000; 3489.000000; 3488.500000;
676; 2016-05-02 09:11:56.205 BRT; 54954.000000; 54945.000000; 54965.000000; 54950.000000; 3489.000000; 3488.500000; 3489.000000; 3488.500000;
677; 2016-05-02 09:11:57.297 BRT; 54954.000000; 54945.000000; 54965.000000; 54950.000000; 3489.000000; 3488.500000; 3489.000000; 3488.500000;
678; 2016-05-02 09:11:58.311 BRT; 54954.000000; 54945.000000; 54965.000000; 54950.000000; 3488.500000; 3488.000000; 3488.500000; 3488.000000;
679; 2016-05-02 09:11:59.317 BRT; 54945.000000; 54931.000000; 54960.000000; 54920.000000; 3488.500000; 3488.000000; 3488.500000; 3488.000000;
680; 2016-05-02 09:12:00.351 BRT; 54950.000000; 54940.000000; 54960.000000; 54920.000000; 3487.500000; 3487.000000; 3487.500000; 3487.000000;
681; 2016-05-02 09:12:01.367 BRT; 54950.000000; 54940.000000; 54960.000000; 54920.000000; 3487.500000; 3487.000000; 3487.500000; 3487.000000;
682; 2016-05-02 09:12:02.420 BRT; 54950.000000; 54940.000000; 54960.000000; 54920.000000; 3487.500000; 3487.000000; 3487.500000; 3487.000000;
683; 2016-05-02 09:12:03.423 BRT; 54950.000000; 54940.000000; 54960.000000; 54920.000000; 3487.000000; 3486.500000; 3486.500000; 3486.000000;
684; 2016-05-02 09:12:04.496 BRT; 54947.000000; 54933.000000; 54960.000000; 54920.000000; 3487.500000; 3486.500000; 3487.000000; 3486.500000;
685; 2016-05-02 09:12:05.516 BRT; 54946.000000; 54935.000000; 54960.000000; 54920.000000; 3487.500000; 3487.000000; 3487.500000; 3487.000000;
686; 2016-05-02 09:12:06.530 BRT; 54946.000000; 54935.000000; 54960.000000; 54920.000000; 3487.000000; 3486.500000; 3487.000000; 3486.500000;
687; 2016-05-02 09:12:07.540 BRT; 54945.000000; 54934.000000; 54960.000000; 54920.000000; 3487.000000; 3486.500000; 3487.000000; 3486.500000;
688; 2016-05-02 09:12:08.630 BRT; 54945.000000; 54931.000000; 54960.000000; 54920.000000; 3488.000000; 3487.300000; 3488.000000; 3487.000000;
689; 2016-05-02 09:12:09.643 BRT; 54944.000000; 54928.000000; 54960.000000; 54920.000000; 3488.000000; 3487.500000; 3488.000000; 3487.000000;
690; 2016-05-02 09:12:10.662 BRT; 54944.000000; 54930.000000; 54960.000000; 54920.000000; 3488.000000; 3487.500000; 3488.000000; 3487.000000;
691; 2016-05-02 09:12:11.751 BRT; 54945.000000; 54930.000000; 54960.000000; 54920.000000; 3487.000000; 3486.500000; 3487.000000; 3486.500000;
692; 2016-05-02 09:12:12.769 BRT; 54945.000000; 54930.000000; 54960.000000; 54920.000000; 3487.400000; 3486.500000; 3487.000000; 3486.500000;
693; 2016-05-02 09:12:13.789 BRT; 54945.000000; 54928.000000; 54960.000000; 54920.000000; 3487.000000; 3486.500000; 3487.000000; 3486.500000;
694; 2016-05-02 09:12:14.796 BRT; 54945.000000; 54930.000000; 54960.000000; 54920.000000; 3487.000000; 3486.500000; 3487.000000; 3486.500000;
695; 2016-05-02 09:12:15.797 BRT; 54945.000000; 54930.000000; 54960.000000; 54920.000000; 3487.000000; 3486.500000; 3487.000000; 3486.500000;
696; 2016-05-02 09:12:16.804 BRT; 54945.000000; 54930.000000; 54960.000000; 54920.000000; 3487.000000; 3486.500000; 3487.000000; 3486.500000;
697; 2016-05-02 09:12:17.859 BRT; 54945.000000; 54930.000000; 54960.000000; 54925.000000; 3487.000000; 3486.500000; 3487.000000; 3486.500000;
698; 2016-05-02 09:12:18.878 BRT; 54945.000000; 54930.000000; 54960.000000; 54925.000000; 3487.000000; 3486.500000; 3487.000000; 3486.500000;
699; 2016-05-02 09:12:20.940 BRT; 54945.000000; 54934.000000; 54960.000000; 54925.000000; 3487.000000; 3486.500000; 3487.000000; 3486.500000;
700; 2016-05-02 09:12:21.990 BRT; 54945.000000; 54934.000000; 54960.000000; 54925.000000; 3487.000000; 3486.500000; 3487.000000; 3486.500000;
701; 2016-05-02 09:12:22.130 BRT; 54945.000000; 54930.000000; 54960.000000; 54925.000000; 3487.200000; 3486.500000; 3487.000000; 3486.500000;
702; 2016-05-02 09:12:23.157 BRT; 54945.000000; 54930.000000; 54960.000000; 54925.000000; 3487.500000; 3487.000000; 3487.500000; 3487.000000;
703; 2016-05-02 09:12:24.203 BRT; 54945.000000; 54930.000000; 54960.000000; 54925.000000; 3487.500000; 3487.000000; 3487.500000; 3487.000000;
704; 2016-05-02 09:12:25.277 BRT; 54945.000000; 54930.000000; 54960.000000; 54925.000000; 3487.500000; 3487.000000; 3487.500000; 3487.000000;
705; 2016-05-02 09:12:26.410 BRT; 54940.000000; 54930.000000; 54960.000000; 54925.000000; 3487.500000; 3487.000000; 3487.500000; 3487.000000;
706; 2016-05-02 09:12:27.410 BRT; 54940.000000; 54930.000000; 54960.000000; 54925.000000; 3487.500000; 3487.000000; 3487.000000; 3486.500000;
707; 2016-05-02 09:12:28.467 BRT; 54940.000000; 54930.000000; 54960.000000; 54925.000000; 3487.500000; 3486.700000; 3487.000000; 3486.500000;
708; 2016-05-02 09:12:29.555 BRT; 54940.000000; 54930.000000; 54960.000000; 54925.000000; 3487.200000; 3486.500000; 3487.000000; 3486.500000;
709; 2016-05-02 09:12:30.612 BRT; 54940.000000; 54930.000000; 54960.000000; 54925.000000; 3487.500000; 3487.000000; 3487.500000; 3486.500000;
