id; time; WIN<BUY_ASK,qty=50>; WIN<SELL_BID,qty=50>; IND<BUY_ASK,qty=10>; IND<SELL_BID,qty=10>; WDO<BUY_ASK,qty=25>; WDO<SELL_BID,qty=25>; DOL<BUY_ASK,qty=5>; DOL<SELL_BID,qty=5>;
0; 2016-03-31 09:00:00.577 BRT; 0.000000; 0.000000; 0.000000; 0.000000; 0.000000; 0.000000; 0.000000; 0.000000;
1; 2016-03-31 09:00:01.916 BRT; 0.000000; 0.000000; 0.000000; 0.000000; 0.000000; 0.000000; 0.000000; 0.000000;
2; 2016-03-31 09:00:03.264 BRT; 0.000000; 0.000000; 0.000000; 0.000000; 0.000000; 0.000000; 0.000000; 0.000000;
3; 2016-03-31 09:00:04.489 BRT; 0.000000; 0.000000; 0.000000; 0.000000; 0.000000; 0.000000; 0.000000; 0.000000;
4; 2016-03-31 09:00:06.422 BRT; 0.000000; 0.000000; 0.000000; 0.000000; 0.000000; 0.000000; 0.000000; 0.000000;
5; 2016-03-31 09:00:07.469 BRT; 0.000000; 0.000000; 0.000000; 0.000000; 0.000000; 0.000000; 0.000000; 0.000000;
6; 2016-03-31 09:00:08.775 BRT; 0.000000; 0.000000; 0.000000; 0.000000; 0.000000; 0.000000; 0.000000; 0.000000;
7; 2016-03-31 09:00:09.859 BRT; 0.000000; 0.000000; 0.000000; 0.000000; 0.000000; 0.000000; 0.000000; 0.000000;
8; 2016-03-31 09:00:11.478 BRT; 0.000000; 0.000000; 0.000000; 0.000000; 0.000000; 0.000000; 0.000000; 0.000000;
9; 2016-03-31 09:00:12.575 BRT; 0.000000; 0.000000; 0.000000; 0.000000; 0.000000; 0.000000; 0.000000; 0.000000;
10; 2016-03-31 09:00:15.315 BRT; 0.000000; 0.000000; 0.000000; 0.000000; 0.000000; 0.000000; 0.000000; 0.000000;
11; 2016-03-31 09:00:16.487 BRT; 0.000000; 0.000000; 0.000000; 0.000000; 0.000000; 0.000000; 0.000000; 0.000000;
12; 2016-03-31 09:00:17.766 BRT; 0.000000; 0.000000; 0.000000; 0.000000; 0.000000; 0.000000; 0.000000; 0.000000;
13; 2016-03-31 09:00:18.815 BRT; 0.000000; 0.000000; 0.000000; 0.000000; 0.000000; 0.000000; 0.000000; 0.000000;
14; 2016-03-31 09:00:19.818 BRT; 0.000000; 0.000000; 0.000000; 0.000000; 0.000000; 0.000000; 0.000000; 0.000000;
15; 2016-03-31 09:00:21.221 BRT; 0.000000; 0.000000; 0.000000; 0.000000; 0.000000; 0.000000; 0.000000; 0.000000;
16; 2016-03-31 09:00:22.273 BRT; 0.000000; 0.000000; 0.000000; 0.000000; 0.000000; 0.000000; 0.000000; 0.000000;
17; 2016-03-31 09:00:23.423 BRT; 0.000000; 0.000000; 0.000000; 0.000000; 0.000000; 0.000000; 0.000000; 0.000000;
18; 2016-03-31 09:00:24.672 BRT; 0.000000; 0.000000; 0.000000; 0.000000; 0.000000; 0.000000; 0.000000; 0.000000;
19; 2016-03-31 09:00:26.376 BRT; 0.000000; 0.000000; 0.000000; 0.000000; 0.000000; 0.000000; 0.000000; 0.000000;
20; 2016-03-31 09:00:27.391 BRT; 0.000000; 0.000000; 0.000000; 0.000000; 0.000000; 0.000000; 0.000000; 0.000000;
21; 2016-03-31 09:00:28.559 BRT; 0.000000; 0.000000; 0.000000; 0.000000; 0.000000; 0.000000; 0.000000; 0.000000;
22; 2016-03-31 09:00:29.559 BRT; 0.000000; 0.000000; 0.000000; 0.000000; 0.000000; 0.000000; 0.000000; 0.000000;
23; 2016-03-31 09:00:30.776 BRT; 0.000000; 0.000000; 0.000000; 0.000000; 0.000000; 0.000000; 0.000000; 0.000000;
24; 2016-03-31 09:00:31.902 BRT; 0.000000; 0.000000; 0.000000; 0.000000; 0.000000; 0.000000; 0.000000; 0.000000;
25; 2016-03-31 09:00:32.913 BRT; 0.000000; 0.000000; 0.000000; 0.000000; 0.000000; 0.000000; 0.000000; 0.000000;
26; 2016-03-31 09:00:33.954 BRT; 0.000000; 0.000000; 0.000000; 0.000000; 0.000000; 0.000000; 0.000000; 0.000000;
27; 2016-03-31 09:00:35.870 BRT; 0.000000; 0.000000; 0.000000; 0.000000; 0.000000; 0.000000; 0.000000; 0.000000;
28; 2016-03-31 09:00:36.203 BRT; 0.000000; 0.000000; 0.000000; 0.000000; 0.000000; 0.000000; 0.000000; 0.000000;
29; 2016-03-31 09:00:37.640 BRT; 0.000000; 0.000000; 0.000000; 0.000000; 0.000000; 0.000000; 0.000000; 0.000000;
30; 2016-03-31 09:00:38.744 BRT; 0.000000; 0.000000; 0.000000; 0.000000; 0.000000; 0.000000; 0.000000; 0.000000;
31; 2016-03-31 09:00:39.760 BRT; 0.000000; 0.000000; 0.000000; 0.000000; 0.000000; 0.000000; 0.000000; 0.000000;
32; 2016-03-31 09:00:40.765 BRT; 0.000000; 0.000000; 0.000000; 0.000000; 3625.000000; 3623.500000; 0.000000; 0.000000;
33; 2016-03-31 09:00:41.919 BRT; 0.000000; 0.000000; 0.000000; 0.000000; 3625.000000; 3623.500000; 0.000000; 0.000000;
34; 2016-03-31 09:00:42.940 BRT; 51100.000000; 51078.000000; 0.000000; 0.000000; 3625.000000; 3623.500000; 0.000000; 0.000000;
35; 2016-03-31 09:00:44.273 BRT; 51095.000000; 51058.000000; 0.000000; 0.000000; 3625.000000; 3623.500000; 0.000000; 0.000000;
36; 2016-03-31 09:00:45.288 BRT; 51150.000000; 51101.000000; 0.000000; 0.000000; 3625.000000; 3623.500000; 0.000000; 0.000000;
37; 2016-03-31 09:00:46.305 BRT; 51135.000000; 51101.000000; 0.000000; 0.000000; 3625.000000; 3623.500000; 0.000000; 0.000000;
38; 2016-03-31 09:00:47.323 BRT; 51136.000000; 51101.000000; 0.000000; 0.000000; 3625.000000; 3623.500000; 0.000000; 0.000000;
39; 2016-03-31 09:00:48.374 BRT; 51122.000000; 51092.000000; 51115.000000; 51050.000000; 3625.000000; 3623.500000; 0.000000; 0.000000;
40; 2016-03-31 09:00:49.424 BRT; 51119.000000; 51092.000000; 51100.000000; 51050.000000; 3625.000000; 3623.500000; 0.000000; 0.000000;
41; 2016-03-31 09:00:50.435 BRT; 51100.000000; 51075.000000; 51100.000000; 51040.000000; 3625.000000; 3623.500000; 0.000000; 0.000000;
42; 2016-03-31 09:00:51.447 BRT; 50968.000000; 50955.000000; 51000.000000; 50890.000000; 3625.000000; 3623.500000; 0.000000; 0.000000;
43; 2016-03-31 09:00:52.478 BRT; 50959.000000; 50913.000000; 50995.000000; 50875.000000; 3625.000000; 3623.500000; 0.000000; 0.000000;
44; 2016-03-31 09:00:53.488 BRT; 50952.000000; 50909.000000; 50995.000000; 50875.000000; 3625.000000; 3623.500000; 3628.000000; 3628.000000;
45; 2016-03-31 09:00:54.488 BRT; 50961.000000; 50920.000000; 50995.000000; 50875.000000; 3625.000000; 3623.500000; 3628.000000; 3628.000000;
46; 2016-03-31 09:00:55.560 BRT; 50945.000000; 50917.000000; 50980.000000; 50885.000000; 3625.000000; 3623.500000; 3628.000000; 3628.000000;
47; 2016-03-31 09:00:56.587 BRT; 50935.000000; 50906.000000; 50995.000000; 50890.000000; 3625.000000; 3623.500000; 3628.000000; 3628.000000;
48; 2016-03-31 09:00:57.588 BRT; 50900.000000; 50886.000000; 50935.000000; 50860.000000; 3625.000000; 3623.500000; 3626.500000; 3626.500000;
49; 2016-03-31 09:00:58.588 BRT; 50862.000000; 50828.000000; 50905.000000; 50835.000000; 3625.000000; 3623.500000; 3628.500000; 3628.500000;
50; 2016-03-31 09:00:59.614 BRT; 50924.000000; 50870.000000; 50965.000000; 50845.000000; 3625.000000; 3623.500000; 3625.500000; 3625.500000;
51; 2016-03-31 09:01:00.636 BRT; 50928.000000; 50905.000000; 50950.000000; 50880.000000; 3625.000000; 3623.500000; 3625.500000; 3625.500000;
52; 2016-03-31 09:01:01.669 BRT; 50950.000000; 50910.000000; 50950.000000; 50905.000000; 3625.000000; 3623.500000; 3625.500000; 3625.500000;
53; 2016-03-31 09:01:02.674 BRT; 50956.000000; 50930.000000; 50950.000000; 50930.000000; 3625.000000; 3623.500000; 3625.500000; 3625.500000;
54; 2016-03-31 09:01:03.713 BRT; 50970.000000; 50946.000000; 50995.000000; 50955.000000; 3625.000000; 3623.500000; 3625.500000; 3625.500000;
55; 2016-03-31 09:01:04.732 BRT; 50960.000000; 50939.000000; 50985.000000; 50870.000000; 3625.000000; 3623.500000; 3626.000000; 3626.000000;
56; 2016-03-31 09:01:06.242 BRT; 50967.000000; 50934.000000; 50985.000000; 50885.000000; 3625.000000; 3623.500000; 3626.000000; 3626.000000;
57; 2016-03-31 09:01:07.244 BRT; 50965.000000; 50944.000000; 50990.000000; 50910.000000; 3625.000000; 3623.500000; 3626.000000; 3626.000000;
58; 2016-03-31 09:01:08.290 BRT; 50965.000000; 50945.000000; 50970.000000; 50910.000000; 3625.000000; 3623.500000; 3626.000000; 3626.000000;
59; 2016-03-31 09:01:09.290 BRT; 50940.000000; 50910.000000; 50960.000000; 50900.000000; 3625.000000; 3623.500000; 3625.000000; 3625.000000;
60; 2016-03-31 09:01:10.298 BRT; 50925.000000; 50905.000000; 50955.000000; 50860.000000; 3625.000000; 3623.500000; 3627.000000; 3627.000000;
61; 2016-03-31 09:01:11.364 BRT; 50941.000000; 50910.000000; 50950.000000; 50870.000000; 3625.000000; 3623.500000; 3627.000000; 3627.000000;
62; 2016-03-31 09:01:12.365 BRT; 50944.000000; 50919.000000; 50950.000000; 50910.000000; 3625.000000; 3623.500000; 3627.000000; 3627.000000;
63; 2016-03-31 09:01:13.392 BRT; 50946.000000; 50917.000000; 50950.000000; 50910.000000; 3625.000000; 3623.500000; 3627.000000; 3627.000000;
64; 2016-03-31 09:01:14.458 BRT; 50946.000000; 50925.000000; 50950.000000; 50910.000000; 3625.000000; 3623.500000; 3627.000000; 3627.000000;
65; 2016-03-31 09:01:15.459 BRT; 50955.000000; 50935.000000; 50950.000000; 50910.000000; 3625.000000; 3623.500000; 3627.000000; 3627.000000;
66; 2016-03-31 09:01:16.468 BRT; 50945.000000; 50916.000000; 50950.000000; 50905.000000; 3625.000000; 3623.500000; 3627.000000; 3627.000000;
67; 2016-03-31 09:01:17.530 BRT; 50930.000000; 50910.000000; 50950.000000; 50890.000000; 3625.000000; 3623.500000; 3627.500000; 3627.500000;
68; 2016-03-31 09:01:18.531 BRT; 50945.000000; 50920.000000; 50950.000000; 50890.000000; 3625.000000; 3623.500000; 3628.000000; 3628.000000;
69; 2016-03-31 09:01:19.749 BRT; 50985.000000; 50965.000000; 50990.000000; 50950.000000; 3625.000000; 3623.500000; 3628.000000; 3628.000000;
70; 2016-03-31 09:01:20.950 BRT; 50989.000000; 50970.000000; 50990.000000; 50950.000000; 3625.000000; 3623.500000; 3628.000000; 3628.000000;
71; 2016-03-31 09:01:21.960 BRT; 50932.000000; 50895.000000; 50955.000000; 50875.000000; 3625.000000; 3623.500000; 3628.000000; 3628.000000;
72; 2016-03-31 09:01:22.961 BRT; 50954.000000; 50925.000000; 50985.000000; 50905.000000; 3625.000000; 3623.500000; 3627.500000; 3627.500000;
73; 2016-03-31 09:01:23.961 BRT; 50956.000000; 50941.000000; 50990.000000; 50935.000000; 3625.000000; 3623.500000; 3627.500000; 3627.500000;
74; 2016-03-31 09:01:24.980 BRT; 50962.000000; 50940.000000; 50990.000000; 50930.000000; 3625.000000; 3623.500000; 3625.500000; 3625.500000;
75; 2016-03-31 09:01:25.984 BRT; 50964.000000; 50940.000000; 50990.000000; 50920.000000; 3625.000000; 3623.500000; 3625.500000; 3625.500000;
76; 2016-03-31 09:01:27.121 BRT; 50948.000000; 50916.000000; 50975.000000; 50900.000000; 3625.000000; 3623.500000; 3625.500000; 3625.500000;
77; 2016-03-31 09:01:28.145 BRT; 50948.000000; 50911.000000; 50975.000000; 50900.000000; 3625.000000; 3623.500000; 3625.500000; 3625.500000;
78; 2016-03-31 09:01:29.265 BRT; 50949.000000; 50920.000000; 50975.000000; 50900.000000; 3625.000000; 3623.500000; 3625.000000; 3625.000000;
79; 2016-03-31 09:01:30.314 BRT; 50900.000000; 50885.000000; 50905.000000; 50875.000000; 3625.000000; 3623.500000; 3625.000000; 3625.000000;
80; 2016-03-31 09:01:31.372 BRT; 50901.000000; 50876.000000; 50905.000000; 50875.000000; 3625.000000; 3623.500000; 3625.000000; 3625.000000;
81; 2016-03-31 09:01:32.400 BRT; 50883.000000; 50860.000000; 50900.000000; 50870.000000; 3625.000000; 3623.500000; 3625.500000; 3625.500000;
82; 2016-03-31 09:01:33.417 BRT; 50871.000000; 50841.000000; 50875.000000; 50830.000000; 3625.000000; 3623.500000; 3626.000000; 3626.000000;
83; 2016-03-31 09:01:34.417 BRT; 50877.000000; 50846.000000; 50875.000000; 50830.000000; 3625.000000; 3623.500000; 3625.000000; 3625.000000;
84; 2016-03-31 09:01:35.679 BRT; 50880.000000; 50855.000000; 50875.000000; 50830.000000; 3625.000000; 3623.500000; 3620.500000; 3620.500000;
85; 2016-03-31 09:01:36.723 BRT; 50882.000000; 50858.000000; 50875.000000; 50830.000000; 3625.000000; 3623.500000; 3620.000000; 3620.000000;
86; 2016-03-31 09:01:37.833 BRT; 50888.000000; 50859.000000; 50875.000000; 50830.000000; 3625.000000; 3623.500000; 3620.000000; 3620.000000;
87; 2016-03-31 09:01:38.835 BRT; 50912.000000; 50875.000000; 50905.000000; 50850.000000; 3625.000000; 3623.500000; 3620.000000; 3620.000000;
88; 2016-03-31 09:01:39.856 BRT; 50896.000000; 50871.000000; 50905.000000; 50850.000000; 3625.000000; 3623.500000; 3620.000000; 3620.000000;
89; 2016-03-31 09:01:40.914 BRT; 50896.000000; 50871.000000; 50905.000000; 50850.000000; 3625.000000; 3623.500000; 3618.000000; 3618.000000;
90; 2016-03-31 09:01:41.995 BRT; 50896.000000; 50871.000000; 50905.000000; 50850.000000; 3625.000000; 3623.500000; 3619.500000; 3619.500000;
91; 2016-03-31 09:01:42.998 BRT; 50897.000000; 50872.000000; 50905.000000; 50850.000000; 3625.000000; 3623.500000; 3621.500000; 3621.500000;
92; 2016-03-31 09:01:44.800 BRT; 50890.000000; 50871.000000; 50905.000000; 50850.000000; 3625.000000; 3623.500000; 3621.500000; 3621.500000;
93; 2016-03-31 09:01:45.820 BRT; 50900.000000; 50871.000000; 50905.000000; 50850.000000; 3625.000000; 3623.500000; 3621.500000; 3621.500000;
94; 2016-03-31 09:01:46.155 BRT; 50900.000000; 50879.000000; 50905.000000; 50850.000000; 3625.000000; 3623.500000; 3621.500000; 3621.500000;
95; 2016-03-31 09:01:47.167 BRT; 50890.000000; 50870.000000; 50905.000000; 50850.000000; 3625.000000; 3623.500000; 3621.500000; 3621.500000;
96; 2016-03-31 09:01:48.210 BRT; 50900.000000; 50885.000000; 50905.000000; 50875.000000; 3625.000000; 3623.500000; 3621.500000; 3621.500000;
97; 2016-03-31 09:01:49.652 BRT; 50915.000000; 50895.000000; 50905.000000; 50890.000000; 3625.000000; 3623.500000; 3621.500000; 3621.500000;
98; 2016-03-31 09:01:50.727 BRT; 50893.000000; 50869.000000; 50905.000000; 50845.000000; 3625.000000; 3623.500000; 3621.000000; 3621.000000;
99; 2016-03-31 09:01:52.430 BRT; 50893.000000; 50862.000000; 50900.000000; 50845.000000; 3625.000000; 3623.500000; 3618.000000; 3618.000000;
100; 2016-03-31 09:01:53.720 BRT; 50890.000000; 50870.000000; 50900.000000; 50845.000000; 3625.000000; 3623.500000; 3618.000000; 3618.000000;
101; 2016-03-31 09:01:54.149 BRT; 50891.000000; 50862.000000; 50900.000000; 50845.000000; 3625.000000; 3623.500000; 3618.000000; 3618.000000;
102; 2016-03-31 09:01:55.196 BRT; 50890.000000; 50870.000000; 50900.000000; 50835.000000; 3625.000000; 3623.500000; 3618.000000; 3618.000000;
103; 2016-03-31 09:01:56.236 BRT; 50899.000000; 50870.000000; 50900.000000; 50835.000000; 3625.000000; 3623.500000; 3617.500000; 3617.500000;
104; 2016-03-31 09:01:57.424 BRT; 50897.000000; 50866.000000; 50900.000000; 50835.000000; 3625.000000; 3623.500000; 3617.500000; 3617.500000;
105; 2016-03-31 09:01:58.773 BRT; 50899.000000; 50866.000000; 50900.000000; 50835.000000; 3625.000000; 3623.500000; 3617.500000; 3617.500000;
106; 2016-03-31 09:02:00.190 BRT; 50904.000000; 50875.000000; 50900.000000; 50845.000000; 3625.000000; 3623.500000; 3617.000000; 3617.000000;
107; 2016-03-31 09:02:01.700 BRT; 50895.000000; 50875.000000; 50900.000000; 50845.000000; 3625.000000; 3623.500000; 3617.000000; 3617.000000;
108; 2016-03-31 09:02:02.198 BRT; 50896.000000; 50875.000000; 50900.000000; 50845.000000; 3625.000000; 3623.500000; 3617.500000; 3617.500000;
109; 2016-03-31 09:02:03.382 BRT; 50896.000000; 50869.000000; 50900.000000; 50845.000000; 3625.000000; 3623.500000; 3617.500000; 3617.500000;
110; 2016-03-31 09:02:04.404 BRT; 50885.000000; 50860.000000; 50895.000000; 50830.000000; 3625.000000; 3623.500000; 3617.500000; 3617.500000;
111; 2016-03-31 09:02:05.404 BRT; 50890.000000; 50870.000000; 50895.000000; 50850.000000; 3625.000000; 3623.500000; 3617.500000; 3617.500000;
112; 2016-03-31 09:02:06.456 BRT; 50890.000000; 50866.000000; 50900.000000; 50850.000000; 3625.000000; 3623.500000; 3617.500000; 3617.500000;
113; 2016-03-31 09:02:07.559 BRT; 50896.000000; 50875.000000; 50900.000000; 50850.000000; 3625.000000; 3623.500000; 3617.500000; 3617.500000;
114; 2016-03-31 09:02:08.563 BRT; 50897.000000; 50880.000000; 50905.000000; 50865.000000; 3625.000000; 3623.500000; 3617.500000; 3617.500000;
115; 2016-03-31 09:02:09.616 BRT; 50898.000000; 50874.000000; 50905.000000; 50865.000000; 3625.000000; 3623.500000; 3617.500000; 3617.500000;
116; 2016-03-31 09:02:10.769 BRT; 50890.000000; 50866.000000; 50905.000000; 50865.000000; 3625.000000; 3623.500000; 3616.500000; 3616.500000;
117; 2016-03-31 09:02:11.934 BRT; 50898.000000; 50876.000000; 50905.000000; 50875.000000; 3625.000000; 3623.500000; 3619.000000; 3619.000000;
118; 2016-03-31 09:02:12.939 BRT; 50895.000000; 50876.000000; 50905.000000; 50875.000000; 3625.000000; 3623.500000; 3619.500000; 3619.500000;
119; 2016-03-31 09:02:14.560 BRT; 50891.000000; 50862.000000; 50895.000000; 50865.000000; 3625.000000; 3623.500000; 3619.500000; 3619.500000;
120; 2016-03-31 09:02:15.140 BRT; 50894.000000; 50870.000000; 50895.000000; 50865.000000; 3625.000000; 3623.500000; 3619.500000; 3619.500000;
121; 2016-03-31 09:02:16.291 BRT; 50889.000000; 50870.000000; 50900.000000; 50865.000000; 3625.000000; 3623.500000; 3619.500000; 3619.500000;
122; 2016-03-31 09:02:17.322 BRT; 50885.000000; 50864.000000; 50900.000000; 50865.000000; 3625.000000; 3623.500000; 3619.500000; 3619.500000;
123; 2016-03-31 09:02:18.912 BRT; 50890.000000; 50867.000000; 50900.000000; 50865.000000; 3625.000000; 3623.500000; 3619.500000; 3619.500000;
124; 2016-03-31 09:02:19.912 BRT; 50900.000000; 50875.000000; 50900.000000; 50865.000000; 3625.000000; 3623.500000; 3619.500000; 3619.500000;
125; 2016-03-31 09:02:21.270 BRT; 50900.000000; 50876.000000; 50900.000000; 50865.000000; 3625.000000; 3623.500000; 3619.500000; 3619.500000;
126; 2016-03-31 09:02:22.360 BRT; 50900.000000; 50885.000000; 50900.000000; 50870.000000; 3625.000000; 3623.500000; 3619.500000; 3619.500000;
127; 2016-03-31 09:02:23.920 BRT; 50900.000000; 50883.000000; 50900.000000; 50870.000000; 3625.000000; 3623.500000; 3619.500000; 3619.500000;
128; 2016-03-31 09:02:24.204 BRT; 50902.000000; 50883.000000; 50900.000000; 50870.000000; 3625.000000; 3623.500000; 3619.500000; 3619.500000;
129; 2016-03-31 09:02:25.291 BRT; 50900.000000; 50883.000000; 50900.000000; 50870.000000; 3625.000000; 3623.500000; 3617.500000; 3617.500000;
130; 2016-03-31 09:02:26.456 BRT; 50909.000000; 50883.000000; 50900.000000; 50875.000000; 3625.000000; 3623.500000; 3617.500000; 3617.500000;
131; 2016-03-31 09:02:27.558 BRT; 50903.000000; 50883.000000; 50900.000000; 50875.000000; 3625.000000; 3623.500000; 3617.500000; 3617.500000;
132; 2016-03-31 09:02:28.633 BRT; 50903.000000; 50883.000000; 50900.000000; 50875.000000; 3625.000000; 3623.500000; 3617.500000; 3617.500000;
133; 2016-03-31 09:02:29.680 BRT; 50898.000000; 50883.000000; 50900.000000; 50875.000000; 3625.000000; 3623.500000; 3618.000000; 3618.000000;
134; 2016-03-31 09:02:30.905 BRT; 50905.000000; 50882.000000; 50900.000000; 50875.000000; 3625.000000; 3623.500000; 3618.000000; 3618.000000;
135; 2016-03-31 09:02:31.996 BRT; 50915.000000; 50890.000000; 50900.000000; 50875.000000; 3625.000000; 3623.500000; 3618.000000; 3618.000000;
136; 2016-03-31 09:02:33.600 BRT; 50915.000000; 50892.000000; 50900.000000; 50875.000000; 3625.000000; 3623.500000; 3618.000000; 3618.000000;
137; 2016-03-31 09:02:34.760 BRT; 50900.000000; 50880.000000; 50900.000000; 50865.000000; 3625.000000; 3623.500000; 3618.000000; 3618.000000;
138; 2016-03-31 09:02:35.109 BRT; 50907.000000; 50880.000000; 50900.000000; 50865.000000; 3625.000000; 3623.500000; 3618.000000; 3618.000000;
139; 2016-03-31 09:02:36.253 BRT; 50899.000000; 50877.000000; 50900.000000; 50870.000000; 3625.000000; 3623.500000; 3621.000000; 3621.000000;
140; 2016-03-31 09:02:37.315 BRT; 50900.000000; 50885.000000; 50900.000000; 50870.000000; 3625.000000; 3623.500000; 3622.500000; 3622.500000;
141; 2016-03-31 09:02:38.332 BRT; 50900.000000; 50885.000000; 50900.000000; 50870.000000; 3625.000000; 3623.500000; 3622.500000; 3622.500000;
142; 2016-03-31 09:02:39.370 BRT; 50902.000000; 50885.000000; 50900.000000; 50870.000000; 3625.000000; 3623.500000; 3622.500000; 3622.500000;
143; 2016-03-31 09:02:40.473 BRT; 50913.000000; 50885.000000; 50900.000000; 50870.000000; 3625.000000; 3623.500000; 3621.500000; 3621.500000;
144; 2016-03-31 09:02:41.567 BRT; 50920.000000; 50900.000000; 50900.000000; 50880.000000; 3625.000000; 3623.500000; 3621.500000; 3621.500000;
145; 2016-03-31 09:02:42.871 BRT; 50923.000000; 50900.000000; 50900.000000; 50880.000000; 3625.000000; 3623.500000; 3621.500000; 3621.500000;
146; 2016-03-31 09:02:44.238 BRT; 50905.000000; 50885.000000; 50900.000000; 50875.000000; 3625.000000; 3623.500000; 3624.000000; 3624.000000;
147; 2016-03-31 09:02:45.265 BRT; 50911.000000; 50885.000000; 50900.000000; 50875.000000; 3625.000000; 3623.500000; 3624.000000; 3624.000000;
148; 2016-03-31 09:02:46.285 BRT; 50913.000000; 50885.000000; 50900.000000; 50880.000000; 3625.000000; 3623.500000; 3624.000000; 3624.000000;
149; 2016-03-31 09:02:47.285 BRT; 50915.000000; 50895.000000; 50890.000000; 50875.000000; 3625.000000; 3623.500000; 3624.000000; 3624.000000;
150; 2016-03-31 09:02:48.285 BRT; 50915.000000; 50890.000000; 50890.000000; 50870.000000; 3625.000000; 3623.500000; 3624.000000; 3624.000000;
151; 2016-03-31 09:02:49.571 BRT; 50900.000000; 50885.000000; 50890.000000; 50865.000000; 3625.000000; 3623.500000; 3624.000000; 3624.000000;
152; 2016-03-31 09:02:50.574 BRT; 50895.000000; 50877.000000; 50890.000000; 50865.000000; 3625.000000; 3623.500000; 3626.000000; 3626.000000;
153; 2016-03-31 09:02:51.608 BRT; 50900.000000; 50875.000000; 50890.000000; 50865.000000; 3625.000000; 3623.500000; 3626.000000; 3626.000000;
154; 2016-03-31 09:02:52.617 BRT; 50890.000000; 50867.000000; 50875.000000; 50850.000000; 3625.000000; 3623.500000; 3629.000000; 3629.000000;
155; 2016-03-31 09:02:53.643 BRT; 50881.000000; 50864.000000; 50875.000000; 50850.000000; 3625.000000; 3623.500000; 3629.000000; 3629.000000;
156; 2016-03-31 09:02:54.666 BRT; 50880.000000; 50856.000000; 50890.000000; 50850.000000; 3625.000000; 3623.500000; 3629.000000; 3629.000000;
157; 2016-03-31 09:02:55.682 BRT; 50875.000000; 50848.000000; 50890.000000; 50830.000000; 3625.000000; 3623.500000; 3629.000000; 3629.000000;
158; 2016-03-31 09:02:56.896 BRT; 50870.000000; 50855.000000; 50890.000000; 50830.000000; 3625.000000; 3623.500000; 3629.000000; 3629.000000;
159; 2016-03-31 09:02:57.896 BRT; 50865.000000; 50846.000000; 50895.000000; 50830.000000; 3625.000000; 3623.500000; 3629.000000; 3629.000000;
160; 2016-03-31 09:02:58.963 BRT; 50858.000000; 50839.000000; 50885.000000; 50830.000000; 3625.000000; 3623.500000; 3626.000000; 3626.000000;
161; 2016-03-31 09:02:59.977 BRT; 50847.000000; 50831.000000; 50885.000000; 50840.000000; 3625.000000; 3623.500000; 3626.000000; 3626.000000;
162; 2016-03-31 09:03:01.000 BRT; 50846.000000; 50830.000000; 50890.000000; 50840.000000; 3625.000000; 3623.500000; 3625.500000; 3625.500000;
163; 2016-03-31 09:03:02.510 BRT; 50846.000000; 50830.000000; 50890.000000; 50840.000000; 3625.000000; 3623.500000; 3627.500000; 3627.500000;
164; 2016-03-31 09:03:03.187 BRT; 50848.000000; 50831.000000; 50890.000000; 50840.000000; 3625.000000; 3623.500000; 3627.500000; 3627.500000;
165; 2016-03-31 09:03:04.203 BRT; 50855.000000; 50831.000000; 50890.000000; 50840.000000; 3625.000000; 3623.500000; 3627.500000; 3627.500000;
166; 2016-03-31 09:03:05.213 BRT; 50860.000000; 50833.000000; 50890.000000; 50840.000000; 3625.000000; 3624.000000; 3627.500000; 3627.500000;
167; 2016-03-31 09:03:06.273 BRT; 50860.000000; 50833.000000; 50890.000000; 50840.000000; 3625.000000; 3624.000000; 3627.500000; 3627.500000;
168; 2016-03-31 09:03:07.289 BRT; 50856.000000; 50835.000000; 50890.000000; 50840.000000; 3625.000000; 3624.000000; 3627.500000; 3627.500000;
169; 2016-03-31 09:03:08.295 BRT; 50815.000000; 50790.000000; 50820.000000; 50800.000000; 3625.000000; 3624.000000; 3627.500000; 3627.500000;
170; 2016-03-31 09:03:09.350 BRT; 50805.000000; 50785.000000; 50820.000000; 50800.000000; 3625.000000; 3624.000000; 3627.500000; 3627.500000;
171; 2016-03-31 09:03:10.413 BRT; 50796.000000; 50783.000000; 50805.000000; 50765.000000; 3625.000000; 3624.000000; 3627.500000; 3627.500000;
172; 2016-03-31 09:03:11.438 BRT; 50809.000000; 50795.000000; 50815.000000; 50770.000000; 3625.000000; 3624.000000; 3627.500000; 3627.500000;
173; 2016-03-31 09:03:12.470 BRT; 50809.000000; 50785.000000; 50815.000000; 50780.000000; 3625.000000; 3624.000000; 3627.500000; 3627.500000;
174; 2016-03-31 09:03:13.594 BRT; 50817.000000; 50795.000000; 50815.000000; 50780.000000; 3625.000000; 3624.000000; 3627.500000; 3627.500000;
175; 2016-03-31 09:03:14.623 BRT; 50801.000000; 50783.000000; 50805.000000; 50800.000000; 3625.000000; 3624.000000; 3627.500000; 3627.500000;
176; 2016-03-31 09:03:15.641 BRT; 50800.000000; 50784.000000; 50805.000000; 50765.000000; 3625.000000; 3624.000000; 3627.500000; 3627.500000;
177; 2016-03-31 09:03:16.673 BRT; 50790.000000; 50775.000000; 50805.000000; 50765.000000; 3625.000000; 3624.000000; 3627.500000; 3627.500000;
178; 2016-03-31 09:03:17.675 BRT; 50786.000000; 50769.000000; 50805.000000; 50765.000000; 3625.000000; 3624.000000; 3627.500000; 3627.500000;
179; 2016-03-31 09:03:18.801 BRT; 50795.000000; 50775.000000; 50805.000000; 50765.000000; 3625.000000; 3624.000000; 3627.500000; 3627.500000;
180; 2016-03-31 09:03:19.801 BRT; 50786.000000; 50770.000000; 50795.000000; 50760.000000; 3627.500000; 3625.600000; 3627.500000; 3627.500000;
181; 2016-03-31 09:03:20.801 BRT; 50790.000000; 50770.000000; 50795.000000; 50755.000000; 3627.500000; 3625.700000; 3629.000000; 3629.000000;
182; 2016-03-31 09:03:21.859 BRT; 50794.000000; 50780.000000; 50795.000000; 50765.000000; 3627.500000; 3625.700000; 3629.000000; 3629.000000;
183; 2016-03-31 09:03:22.878 BRT; 50794.000000; 50780.000000; 50795.000000; 50765.000000; 3627.500000; 3625.700000; 3629.000000; 3629.000000;
184; 2016-03-31 09:03:24.120 BRT; 50795.000000; 50785.000000; 50795.000000; 50765.000000; 3627.500000; 3626.900000; 3629.000000; 3629.000000;
185; 2016-03-31 09:03:25.840 BRT; 50798.000000; 50790.000000; 50800.000000; 50765.000000; 3627.500000; 3626.500000; 3629.000000; 3629.000000;
186; 2016-03-31 09:03:26.229 BRT; 50799.000000; 50790.000000; 50790.000000; 50765.000000; 3627.500000; 3626.500000; 3628.000000; 3628.000000;
187; 2016-03-31 09:03:27.230 BRT; 50770.000000; 50755.000000; 50785.000000; 50745.000000; 3627.500000; 3626.500000; 3627.000000; 3627.000000;
188; 2016-03-31 09:03:28.290 BRT; 50770.000000; 50755.000000; 50785.000000; 50745.000000; 3628.000000; 3626.500000; 3627.000000; 3627.000000;
189; 2016-03-31 09:03:29.325 BRT; 50779.000000; 50762.000000; 50780.000000; 50745.000000; 3628.000000; 3626.100000; 3627.000000; 3627.000000;
190; 2016-03-31 09:03:30.518 BRT; 50770.000000; 50755.000000; 50780.000000; 50745.000000; 3628.000000; 3626.100000; 3627.000000; 3627.000000;
191; 2016-03-31 09:03:31.518 BRT; 50777.000000; 50755.000000; 50780.000000; 50725.000000; 3627.000000; 3626.100000; 3627.000000; 3627.000000;
192; 2016-03-31 09:03:32.533 BRT; 50780.000000; 50758.000000; 50780.000000; 50730.000000; 3627.000000; 3626.500000; 3627.000000; 3627.000000;
193; 2016-03-31 09:03:33.561 BRT; 50766.000000; 50750.000000; 50780.000000; 50725.000000; 3627.000000; 3626.500000; 3627.000000; 3627.000000;
194; 2016-03-31 09:03:34.569 BRT; 50776.000000; 50765.000000; 50780.000000; 50750.000000; 3627.000000; 3626.400000; 3627.000000; 3627.000000;
195; 2016-03-31 09:03:35.596 BRT; 50777.000000; 50765.000000; 50780.000000; 50750.000000; 3628.000000; 3626.500000; 3627.000000; 3627.000000;
196; 2016-03-31 09:03:36.612 BRT; 50771.000000; 50750.000000; 50770.000000; 50735.000000; 3628.000000; 3626.500000; 3627.000000; 3627.000000;
197; 2016-03-31 09:03:37.621 BRT; 50741.000000; 50726.000000; 50730.000000; 50715.000000; 3628.000000; 3626.700000; 3627.000000; 3627.000000;
198; 2016-03-31 09:03:38.650 BRT; 50745.000000; 50729.000000; 50730.000000; 50715.000000; 3627.000000; 3626.500000; 3627.000000; 3627.000000;
199; 2016-03-31 09:03:39.726 BRT; 50746.000000; 50714.000000; 50730.000000; 50705.000000; 3627.000000; 3626.500000; 3627.000000; 3627.000000;
200; 2016-03-31 09:03:40.734 BRT; 50735.000000; 50715.000000; 50730.000000; 50705.000000; 3628.000000; 3626.600000; 3627.000000; 3627.000000;
201; 2016-03-31 09:03:41.787 BRT; 50745.000000; 50735.000000; 50730.000000; 50715.000000; 3628.000000; 3626.600000; 3627.000000; 3627.000000;
202; 2016-03-31 09:03:42.811 BRT; 50745.000000; 50735.000000; 50730.000000; 50715.000000; 3628.000000; 3626.600000; 3627.000000; 3627.000000;
203; 2016-03-31 09:03:43.823 BRT; 50705.000000; 50690.000000; 50700.000000; 50670.000000; 3628.000000; 3626.500000; 3627.000000; 3627.000000;
204; 2016-03-31 09:03:44.832 BRT; 50695.000000; 50680.000000; 50700.000000; 50670.000000; 3628.000000; 3627.000000; 3627.000000; 3627.000000;
205; 2016-03-31 09:03:45.935 BRT; 50700.000000; 50679.000000; 50700.000000; 50670.000000; 3628.000000; 3627.000000; 3627.000000; 3627.000000;
206; 2016-03-31 09:03:46.935 BRT; 50700.000000; 50679.000000; 50695.000000; 50670.000000; 3628.000000; 3627.000000; 3627.000000; 3627.000000;
207; 2016-03-31 09:03:47.937 BRT; 50712.000000; 50690.000000; 50700.000000; 50670.000000; 3629.000000; 3627.700000; 3628.500000; 3628.500000;
208; 2016-03-31 09:03:49.114 BRT; 50709.000000; 50685.000000; 50700.000000; 50670.000000; 3629.000000; 3627.300000; 3628.500000; 3628.500000;
209; 2016-03-31 09:03:50.167 BRT; 50708.000000; 50685.000000; 50690.000000; 50670.000000; 3629.000000; 3627.600000; 3629.000000; 3629.000000;
210; 2016-03-31 09:03:51.209 BRT; 50716.000000; 50685.000000; 50690.000000; 50670.000000; 3629.000000; 3627.200000; 3629.000000; 3629.000000;
211; 2016-03-31 09:03:52.299 BRT; 50717.000000; 50690.000000; 50690.000000; 50670.000000; 3631.300000; 3628.800000; 3628.500000; 3628.500000;
212; 2016-03-31 09:03:53.356 BRT; 50719.000000; 50694.000000; 50690.000000; 50670.000000; 3631.300000; 3628.600000; 3628.500000; 3628.500000;
213; 2016-03-31 09:03:54.389 BRT; 50715.000000; 50680.000000; 50690.000000; 50670.000000; 3630.200000; 3628.400000; 3628.500000; 3628.500000;
214; 2016-03-31 09:03:55.451 BRT; 50719.000000; 50700.000000; 50690.000000; 50670.000000; 3630.900000; 3629.000000; 3628.500000; 3628.500000;
215; 2016-03-31 09:03:56.462 BRT; 50724.000000; 50695.000000; 50690.000000; 50670.000000; 3632.400000; 3630.200000; 3632.000000; 3632.000000;
216; 2016-03-31 09:03:57.471 BRT; 50715.000000; 50705.000000; 50700.000000; 50670.000000; 3632.400000; 3630.200000; 3632.000000; 3632.000000;
217; 2016-03-31 09:03:58.503 BRT; 50715.000000; 50692.000000; 50695.000000; 50670.000000; 3632.500000; 3630.200000; 3632.000000; 3632.000000;
218; 2016-03-31 09:03:59.559 BRT; 50715.000000; 50710.000000; 50700.000000; 50695.000000; 3632.500000; 3630.200000; 3632.000000; 3632.000000;
219; 2016-03-31 09:04:00.612 BRT; 50715.000000; 50708.000000; 50700.000000; 50695.000000; 3632.500000; 3632.000000; 3632.000000; 3632.000000;
220; 2016-03-31 09:04:01.675 BRT; 50701.000000; 50685.000000; 50695.000000; 50665.000000; 3632.500000; 3632.000000; 3632.000000; 3632.000000;
221; 2016-03-31 09:04:02.699 BRT; 50710.000000; 50695.000000; 50700.000000; 50670.000000; 3632.500000; 3632.000000; 3632.000000; 3632.000000;
222; 2016-03-31 09:04:03.749 BRT; 50700.000000; 50685.000000; 50695.000000; 50660.000000; 3632.500000; 3632.000000; 3632.000000; 3632.000000;
223; 2016-03-31 09:04:04.789 BRT; 50700.000000; 50690.000000; 50695.000000; 50660.000000; 3632.500000; 3632.000000; 3632.000000; 3632.000000;
224; 2016-03-31 09:04:05.845 BRT; 50710.000000; 50695.000000; 50700.000000; 50675.000000; 3632.500000; 3632.000000; 3632.000000; 3632.000000;
225; 2016-03-31 09:04:06.912 BRT; 50715.000000; 50708.000000; 50700.000000; 50685.000000; 3632.500000; 3632.000000; 3632.000000; 3632.000000;
226; 2016-03-31 09:04:07.916 BRT; 50720.000000; 50695.000000; 50700.000000; 50680.000000; 3632.500000; 3632.000000; 3632.000000; 3632.000000;
227; 2016-03-31 09:04:08.937 BRT; 50715.000000; 50699.000000; 50700.000000; 50680.000000; 3632.500000; 3632.000000; 3632.000000; 3632.000000;
228; 2016-03-31 09:04:09.987 BRT; 50701.000000; 50690.000000; 50700.000000; 50680.000000; 3632.500000; 3632.000000; 3632.000000; 3632.000000;
229; 2016-03-31 09:04:11.110 BRT; 50705.000000; 50699.000000; 50700.000000; 50680.000000; 3632.500000; 3632.000000; 3632.000000; 3632.000000;
230; 2016-03-31 09:04:12.206 BRT; 50705.000000; 50700.000000; 50700.000000; 50680.000000; 3632.500000; 3631.400000; 3632.000000; 3632.000000;
231; 2016-03-31 09:04:13.210 BRT; 50709.000000; 50688.000000; 50700.000000; 50680.000000; 3632.500000; 3631.300000; 3632.000000; 3632.000000;
232; 2016-03-31 09:04:14.218 BRT; 50714.000000; 50687.000000; 50700.000000; 50680.000000; 3632.500000; 3631.800000; 3633.000000; 3633.000000;
233; 2016-03-31 09:04:15.381 BRT; 50715.000000; 50695.000000; 50700.000000; 50680.000000; 3632.500000; 3631.100000; 3633.500000; 3633.500000;
234; 2016-03-31 09:04:16.489 BRT; 50717.000000; 50700.000000; 50700.000000; 50680.000000; 3632.400000; 3631.000000; 3633.500000; 3633.500000;
235; 2016-03-31 09:04:17.609 BRT; 50713.000000; 50685.000000; 50700.000000; 50680.000000; 3632.300000; 3631.000000; 3633.500000; 3633.500000;
236; 2016-03-31 09:04:18.634 BRT; 50711.000000; 50685.000000; 50700.000000; 50680.000000; 3632.500000; 3632.000000; 3633.500000; 3633.500000;
237; 2016-03-31 09:04:19.703 BRT; 50715.000000; 50698.000000; 50700.000000; 50680.000000; 3632.500000; 3632.000000; 3633.500000; 3633.500000;
238; 2016-03-31 09:04:20.750 BRT; 50700.000000; 50673.000000; 50680.000000; 50655.000000; 3632.500000; 3632.000000; 3633.000000; 3633.000000;
239; 2016-03-31 09:04:21.778 BRT; 50697.000000; 50685.000000; 50680.000000; 50660.000000; 3632.500000; 3632.000000; 3633.000000; 3633.000000;
240; 2016-03-31 09:04:22.831 BRT; 50697.000000; 50690.000000; 50680.000000; 50660.000000; 3632.500000; 3632.000000; 3632.000000; 3632.000000;
241; 2016-03-31 09:04:23.854 BRT; 50698.000000; 50690.000000; 50680.000000; 50665.000000; 3634.500000; 3633.500000; 3633.500000; 3633.500000;
242; 2016-03-31 09:04:25.220 BRT; 50700.000000; 50695.000000; 50675.000000; 50665.000000; 3635.000000; 3633.500000; 3633.500000; 3633.500000;
243; 2016-03-31 09:04:26.270 BRT; 50695.000000; 50680.000000; 50675.000000; 50660.000000; 3635.000000; 3633.500000; 3633.500000; 3633.500000;
244; 2016-03-31 09:04:27.630 BRT; 50690.000000; 50679.000000; 50675.000000; 50655.000000; 3635.000000; 3633.500000; 3633.500000; 3633.500000;
245; 2016-03-31 09:04:28.137 BRT; 50691.000000; 50680.000000; 50675.000000; 50660.000000; 3635.000000; 3633.700000; 3633.500000; 3633.500000;
246; 2016-03-31 09:04:29.182 BRT; 50691.000000; 50680.000000; 50675.000000; 50660.000000; 3635.000000; 3633.600000; 3633.000000; 3633.000000;
247; 2016-03-31 09:04:30.209 BRT; 50690.000000; 50680.000000; 50670.000000; 50655.000000; 3635.000000; 3633.700000; 3634.500000; 3634.500000;
248; 2016-03-31 09:04:31.221 BRT; 50700.000000; 50695.000000; 50695.000000; 50665.000000; 3635.000000; 3634.100000; 3634.500000; 3634.500000;
249; 2016-03-31 09:04:32.238 BRT; 50700.000000; 50695.000000; 50695.000000; 50665.000000; 3635.000000; 3633.700000; 3634.500000; 3634.500000;
250; 2016-03-31 09:04:33.343 BRT; 50710.000000; 50699.000000; 50695.000000; 50665.000000; 3634.700000; 3632.200000; 3632.500000; 3632.500000;
251; 2016-03-31 09:04:34.375 BRT; 50710.000000; 50700.000000; 50695.000000; 50665.000000; 3634.700000; 3632.200000; 3632.500000; 3632.500000;
252; 2016-03-31 09:04:35.429 BRT; 50713.000000; 50699.000000; 50695.000000; 50665.000000; 3634.900000; 3632.700000; 3632.500000; 3632.500000;
253; 2016-03-31 09:04:36.513 BRT; 50705.000000; 50690.000000; 50695.000000; 50665.000000; 3634.900000; 3632.700000; 3632.500000; 3632.500000;
254; 2016-03-31 09:04:37.530 BRT; 50705.000000; 50690.000000; 50695.000000; 50670.000000; 3635.000000; 3633.600000; 3632.500000; 3632.500000;
255; 2016-03-31 09:04:38.534 BRT; 50705.000000; 50692.000000; 50695.000000; 50670.000000; 3635.000000; 3633.600000; 3632.500000; 3632.500000;
256; 2016-03-31 09:04:39.593 BRT; 50700.000000; 50690.000000; 50695.000000; 50670.000000; 3635.000000; 3632.700000; 3632.500000; 3632.500000;
257; 2016-03-31 09:04:40.613 BRT; 50700.000000; 50690.000000; 50695.000000; 50670.000000; 3635.000000; 3632.700000; 3632.500000; 3632.500000;
258; 2016-03-31 09:04:41.627 BRT; 50714.000000; 50704.000000; 50700.000000; 50685.000000; 3633.900000; 3632.000000; 3632.500000; 3632.500000;
259; 2016-03-31 09:04:42.842 BRT; 50714.000000; 50705.000000; 50700.000000; 50685.000000; 3634.300000; 3632.100000; 3632.500000; 3632.500000;
260; 2016-03-31 09:04:43.859 BRT; 50714.000000; 50705.000000; 50700.000000; 50685.000000; 3634.200000; 3632.300000; 3632.500000; 3632.500000;
261; 2016-03-31 09:04:44.956 BRT; 50721.000000; 50710.000000; 50700.000000; 50685.000000; 3634.200000; 3632.300000; 3632.500000; 3632.500000;
262; 2016-03-31 09:04:46.960 BRT; 50698.000000; 50680.000000; 50695.000000; 50655.000000; 3633.000000; 3632.300000; 3632.500000; 3632.500000;
263; 2016-03-31 09:04:47.167 BRT; 50702.000000; 50685.000000; 50695.000000; 50660.000000; 3635.000000; 3633.400000; 3634.000000; 3634.000000;
264; 2016-03-31 09:04:48.307 BRT; 50704.000000; 50686.000000; 50695.000000; 50665.000000; 3635.000000; 3633.000000; 3634.000000; 3634.000000;
265; 2016-03-31 09:04:49.521 BRT; 50710.000000; 50688.000000; 50700.000000; 50655.000000; 3634.800000; 3633.000000; 3634.000000; 3634.000000;
266; 2016-03-31 09:04:50.549 BRT; 50710.000000; 50687.000000; 50700.000000; 50655.000000; 3634.800000; 3633.000000; 3634.000000; 3634.000000;
267; 2016-03-31 09:04:51.566 BRT; 50710.000000; 50690.000000; 50700.000000; 50655.000000; 3634.800000; 3633.300000; 3634.000000; 3634.000000;
268; 2016-03-31 09:04:52.630 BRT; 50711.000000; 50700.000000; 50700.000000; 50660.000000; 3634.800000; 3633.000000; 3634.500000; 3634.500000;
269; 2016-03-31 09:04:53.701 BRT; 50711.000000; 50690.000000; 50700.000000; 50660.000000; 3634.800000; 3633.000000; 3634.500000; 3634.500000;
270; 2016-03-31 09:04:54.850 BRT; 50706.000000; 50690.000000; 50700.000000; 50660.000000; 3633.000000; 3632.300000; 3634.500000; 3634.500000;
271; 2016-03-31 09:04:56.253 BRT; 50685.000000; 50661.000000; 50680.000000; 50650.000000; 3633.000000; 3632.300000; 3634.500000; 3634.500000;
272; 2016-03-31 09:04:57.275 BRT; 50685.000000; 50662.000000; 50680.000000; 50650.000000; 3633.000000; 3632.300000; 3634.500000; 3634.500000;
273; 2016-03-31 09:04:58.353 BRT; 50690.000000; 50668.000000; 50680.000000; 50650.000000; 3633.000000; 3632.500000; 3634.500000; 3634.500000;
274; 2016-03-31 09:04:59.475 BRT; 50680.000000; 50662.000000; 50680.000000; 50650.000000; 3633.000000; 3632.500000; 3634.500000; 3634.500000;
275; 2016-03-31 09:05:00.480 BRT; 50659.000000; 50633.000000; 50680.000000; 50615.000000; 3633.000000; 3632.000000; 3634.500000; 3634.500000;
276; 2016-03-31 09:05:01.633 BRT; 50655.000000; 50633.000000; 50675.000000; 50615.000000; 3633.000000; 3632.000000; 3632.500000; 3632.500000;
277; 2016-03-31 09:05:02.659 BRT; 50655.000000; 50628.000000; 50675.000000; 50615.000000; 3634.500000; 3633.000000; 3633.500000; 3633.500000;
278; 2016-03-31 09:05:03.742 BRT; 50666.000000; 50640.000000; 50680.000000; 50615.000000; 3634.500000; 3633.000000; 3633.500000; 3633.500000;
279; 2016-03-31 09:05:04.782 BRT; 50663.000000; 50640.000000; 50685.000000; 50610.000000; 3634.500000; 3633.000000; 3633.500000; 3633.500000;
280; 2016-03-31 09:05:05.884 BRT; 50655.000000; 50634.000000; 50680.000000; 50610.000000; 3634.100000; 3633.000000; 3633.500000; 3633.500000;
281; 2016-03-31 09:05:06.911 BRT; 50650.000000; 50629.000000; 50685.000000; 50610.000000; 3634.500000; 3633.100000; 3633.500000; 3633.500000;
282; 2016-03-31 09:05:08.170 BRT; 50650.000000; 50629.000000; 50685.000000; 50610.000000; 3634.100000; 3633.000000; 3633.500000; 3633.500000;
283; 2016-03-31 09:05:09.780 BRT; 50658.000000; 50629.000000; 50685.000000; 50610.000000; 3634.300000; 3633.000000; 3633.500000; 3633.500000;
284; 2016-03-31 09:05:10.169 BRT; 50655.000000; 50634.000000; 50685.000000; 50610.000000; 3634.000000; 3633.000000; 3633.500000; 3633.500000;
285; 2016-03-31 09:05:11.299 BRT; 50660.000000; 50634.000000; 50685.000000; 50615.000000; 3634.000000; 3633.000000; 3634.000000; 3634.000000;
286; 2016-03-31 09:05:12.457 BRT; 50665.000000; 50635.000000; 50685.000000; 50615.000000; 3634.400000; 3632.600000; 3634.000000; 3634.000000;
287; 2016-03-31 09:05:13.486 BRT; 50655.000000; 50636.000000; 50685.000000; 50615.000000; 3634.400000; 3632.600000; 3634.000000; 3634.000000;
288; 2016-03-31 09:05:14.519 BRT; 50660.000000; 50640.000000; 50685.000000; 50615.000000; 3633.500000; 3632.600000; 3634.000000; 3634.000000;
289; 2016-03-31 09:05:15.519 BRT; 50655.000000; 50632.000000; 50685.000000; 50615.000000; 3633.000000; 3632.200000; 3633.500000; 3633.500000;
290; 2016-03-31 09:05:16.764 BRT; 50650.000000; 50630.000000; 50685.000000; 50610.000000; 3634.100000; 3632.400000; 3634.500000; 3634.500000;
291; 2016-03-31 09:05:17.781 BRT; 50655.000000; 50643.000000; 50685.000000; 50615.000000; 3634.000000; 3632.400000; 3634.500000; 3634.500000;
292; 2016-03-31 09:05:18.784 BRT; 50658.000000; 50640.000000; 50685.000000; 50615.000000; 3634.000000; 3632.200000; 3634.500000; 3634.500000;
293; 2016-03-31 09:05:19.822 BRT; 50657.000000; 50640.000000; 50685.000000; 50615.000000; 3634.500000; 3634.000000; 3634.000000; 3634.000000;
294; 2016-03-31 09:05:20.842 BRT; 50664.000000; 50645.000000; 50685.000000; 50620.000000; 3632.600000; 3632.000000; 3632.500000; 3632.500000;
295; 2016-03-31 09:05:21.847 BRT; 50675.000000; 50655.000000; 50695.000000; 50635.000000; 3632.500000; 3630.400000; 3632.500000; 3632.500000;
296; 2016-03-31 09:05:22.900 BRT; 50680.000000; 50660.000000; 50695.000000; 50640.000000; 3632.600000; 3632.000000; 3632.500000; 3632.500000;
297; 2016-03-31 09:05:24.230 BRT; 50675.000000; 50656.000000; 50695.000000; 50635.000000; 3632.600000; 3631.800000; 3632.500000; 3632.500000;
298; 2016-03-31 09:05:25.250 BRT; 50677.000000; 50656.000000; 50695.000000; 50640.000000; 3632.600000; 3631.800000; 3632.500000; 3632.500000;
299; 2016-03-31 09:05:26.310 BRT; 50680.000000; 50664.000000; 50695.000000; 50650.000000; 3632.600000; 3631.800000; 3632.500000; 3632.500000;
300; 2016-03-31 09:05:27.380 BRT; 50682.000000; 50663.000000; 50700.000000; 50645.000000; 3632.500000; 3630.400000; 3632.500000; 3632.500000;
301; 2016-03-31 09:05:28.880 BRT; 50689.000000; 50670.000000; 50700.000000; 50650.000000; 3632.100000; 3630.400000; 3632.500000; 3632.500000;
302; 2016-03-31 09:05:29.102 BRT; 50685.000000; 50665.000000; 50700.000000; 50650.000000; 3632.500000; 3630.500000; 3632.500000; 3632.500000;
303; 2016-03-31 09:05:30.107 BRT; 50686.000000; 50665.000000; 50700.000000; 50650.000000; 3632.300000; 3630.100000; 3632.500000; 3632.500000;
304; 2016-03-31 09:05:31.112 BRT; 50691.000000; 50670.000000; 50700.000000; 50665.000000; 3633.500000; 3633.000000; 3632.500000; 3632.500000;
305; 2016-03-31 09:05:32.143 BRT; 50689.000000; 50670.000000; 50700.000000; 50660.000000; 3633.100000; 3631.500000; 3632.500000; 3632.500000;
306; 2016-03-31 09:05:33.196 BRT; 50689.000000; 50672.000000; 50700.000000; 50665.000000; 3633.100000; 3631.500000; 3632.500000; 3632.500000;
307; 2016-03-31 09:05:34.334 BRT; 50690.000000; 50674.000000; 50700.000000; 50665.000000; 3632.800000; 3632.000000; 3632.500000; 3632.500000;
308; 2016-03-31 09:05:35.445 BRT; 50690.000000; 50674.000000; 50700.000000; 50665.000000; 3632.800000; 3632.000000; 3632.500000; 3632.500000;
309; 2016-03-31 09:05:36.519 BRT; 50690.000000; 50674.000000; 50700.000000; 50665.000000; 3632.500000; 3631.500000; 3631.000000; 3631.000000;
310; 2016-03-31 09:05:37.654 BRT; 50690.000000; 50674.000000; 50700.000000; 50665.000000; 3632.700000; 3631.500000; 3631.000000; 3631.000000;
311; 2016-03-31 09:05:38.765 BRT; 50688.000000; 50673.000000; 50695.000000; 50665.000000; 3632.800000; 3630.600000; 3631.000000; 3631.000000;
312; 2016-03-31 09:05:39.792 BRT; 50697.000000; 50676.000000; 50700.000000; 50675.000000; 3633.000000; 3631.000000; 3631.000000; 3631.000000;
313; 2016-03-31 09:05:40.835 BRT; 50697.000000; 50677.000000; 50700.000000; 50675.000000; 3633.000000; 3631.000000; 3631.000000; 3631.000000;
314; 2016-03-31 09:05:42.960 BRT; 50700.000000; 50685.000000; 50700.000000; 50675.000000; 3631.500000; 3630.700000; 3631.000000; 3631.000000;
315; 2016-03-31 09:05:43.115 BRT; 50700.000000; 50685.000000; 50700.000000; 50675.000000; 3631.500000; 3630.700000; 3631.000000; 3631.000000;
316; 2016-03-31 09:05:44.304 BRT; 50700.000000; 50685.000000; 50700.000000; 50675.000000; 3631.500000; 3630.700000; 3631.000000; 3631.000000;
317; 2016-03-31 09:05:45.394 BRT; 50700.000000; 50685.000000; 50700.000000; 50675.000000; 3631.500000; 3630.500000; 3631.000000; 3631.000000;
318; 2016-03-31 09:05:46.415 BRT; 50701.000000; 50685.000000; 50700.000000; 50675.000000; 3631.500000; 3630.600000; 3631.000000; 3631.000000;
319; 2016-03-31 09:05:47.470 BRT; 50703.000000; 50685.000000; 50700.000000; 50675.000000; 3631.000000; 3630.500000; 3631.000000; 3631.000000;
320; 2016-03-31 09:05:48.519 BRT; 50701.000000; 50685.000000; 50700.000000; 50675.000000; 3631.400000; 3630.500000; 3631.000000; 3631.000000;
321; 2016-03-31 09:05:49.536 BRT; 50701.000000; 50685.000000; 50700.000000; 50675.000000; 3631.400000; 3630.500000; 3631.000000; 3631.000000;
322; 2016-03-31 09:05:50.568 BRT; 50700.000000; 50685.000000; 50695.000000; 50680.000000; 3631.500000; 3631.000000; 3629.000000; 3629.000000;
323; 2016-03-31 09:05:51.653 BRT; 50700.000000; 50690.000000; 50695.000000; 50680.000000; 3631.500000; 3631.000000; 3629.000000; 3629.000000;
324; 2016-03-31 09:05:52.659 BRT; 50705.000000; 50690.000000; 50695.000000; 50690.000000; 3630.000000; 3627.900000; 3628.000000; 3628.000000;
325; 2016-03-31 09:05:53.699 BRT; 50705.000000; 50690.000000; 50695.000000; 50690.000000; 3630.000000; 3628.300000; 3628.000000; 3628.000000;
326; 2016-03-31 09:05:54.706 BRT; 50690.000000; 50675.000000; 50690.000000; 50665.000000; 3630.000000; 3627.900000; 3628.000000; 3628.000000;
327; 2016-03-31 09:05:55.724 BRT; 50690.000000; 50675.000000; 50690.000000; 50670.000000; 3630.200000; 3628.200000; 3628.000000; 3628.000000;
328; 2016-03-31 09:05:56.865 BRT; 50685.000000; 50675.000000; 50690.000000; 50665.000000; 3630.000000; 3628.300000; 3628.000000; 3628.000000;
329; 2016-03-31 09:05:57.959 BRT; 50689.000000; 50675.000000; 50690.000000; 50665.000000; 3629.700000; 3628.000000; 3628.000000; 3628.000000;
330; 2016-03-31 09:05:59.910 BRT; 50686.000000; 50675.000000; 50690.000000; 50665.000000; 3630.300000; 3628.000000; 3628.000000; 3628.000000;
331; 2016-03-31 09:06:00.110 BRT; 50688.000000; 50670.000000; 50690.000000; 50665.000000; 3630.600000; 3628.800000; 3628.000000; 3628.000000;
332; 2016-03-31 09:06:01.188 BRT; 50688.000000; 50674.000000; 50690.000000; 50665.000000; 3630.700000; 3629.000000; 3628.000000; 3628.000000;
333; 2016-03-31 09:06:02.324 BRT; 50690.000000; 50675.000000; 50690.000000; 50665.000000; 3630.500000; 3628.800000; 3628.000000; 3628.000000;
334; 2016-03-31 09:06:03.355 BRT; 50690.000000; 50680.000000; 50690.000000; 50670.000000; 3630.000000; 3628.400000; 3628.000000; 3628.000000;
335; 2016-03-31 09:06:04.359 BRT; 50690.000000; 50680.000000; 50690.000000; 50670.000000; 3630.400000; 3628.500000; 3628.000000; 3628.000000;
336; 2016-03-31 09:06:05.398 BRT; 50690.000000; 50680.000000; 50690.000000; 50670.000000; 3630.800000; 3628.500000; 3628.000000; 3628.000000;
337; 2016-03-31 09:06:06.411 BRT; 50690.000000; 50680.000000; 50690.000000; 50670.000000; 3630.900000; 3628.700000; 3628.000000; 3628.000000;
338; 2016-03-31 09:06:07.472 BRT; 50690.000000; 50680.000000; 50685.000000; 50670.000000; 3630.700000; 3628.500000; 3628.000000; 3628.000000;
339; 2016-03-31 09:06:08.550 BRT; 50690.000000; 50680.000000; 50685.000000; 50675.000000; 3629.400000; 3628.500000; 3628.000000; 3628.000000;
340; 2016-03-31 09:06:09.641 BRT; 50705.000000; 50695.000000; 50715.000000; 50685.000000; 3629.400000; 3628.500000; 3628.000000; 3628.000000;
341; 2016-03-31 09:06:10.746 BRT; 50710.000000; 50695.000000; 50715.000000; 50685.000000; 3629.400000; 3628.500000; 3628.000000; 3628.000000;
342; 2016-03-31 09:06:11.800 BRT; 50712.000000; 50700.000000; 50715.000000; 50695.000000; 3629.400000; 3628.300000; 3628.000000; 3628.000000;
343; 2016-03-31 09:06:12.830 BRT; 50715.000000; 50700.000000; 50715.000000; 50695.000000; 3629.400000; 3628.200000; 3628.000000; 3628.000000;
344; 2016-03-31 09:06:13.850 BRT; 50710.000000; 50695.000000; 50710.000000; 50685.000000; 3629.400000; 3628.200000; 3628.000000; 3628.000000;
345; 2016-03-31 09:06:14.856 BRT; 50700.000000; 50685.000000; 50700.000000; 50680.000000; 3629.400000; 3628.200000; 3628.000000; 3628.000000;
346; 2016-03-31 09:06:16.108 BRT; 50700.000000; 50685.000000; 50710.000000; 50685.000000; 3629.000000; 3628.300000; 3628.000000; 3628.000000;
347; 2016-03-31 09:06:17.110 BRT; 50695.000000; 50683.000000; 50695.000000; 50675.000000; 3629.000000; 3628.300000; 3628.000000; 3628.000000;
348; 2016-03-31 09:06:18.230 BRT; 50685.000000; 50676.000000; 50690.000000; 50670.000000; 3629.000000; 3628.300000; 3628.000000; 3628.000000;
349; 2016-03-31 09:06:19.234 BRT; 50683.000000; 50670.000000; 50685.000000; 50660.000000; 3629.000000; 3628.300000; 3628.000000; 3628.000000;
350; 2016-03-31 09:06:20.310 BRT; 50684.000000; 50670.000000; 50685.000000; 50660.000000; 3629.000000; 3628.500000; 3628.000000; 3628.000000;
351; 2016-03-31 09:06:21.317 BRT; 50681.000000; 50670.000000; 50685.000000; 50660.000000; 3629.000000; 3628.500000; 3628.000000; 3628.000000;
352; 2016-03-31 09:06:22.349 BRT; 50680.000000; 50670.000000; 50685.000000; 50660.000000; 3629.000000; 3628.500000; 3628.000000; 3628.000000;
353; 2016-03-31 09:06:23.571 BRT; 50680.000000; 50670.000000; 50685.000000; 50660.000000; 3629.000000; 3628.500000; 3628.000000; 3628.000000;
354; 2016-03-31 09:06:24.717 BRT; 50713.000000; 50700.000000; 50720.000000; 50690.000000; 3629.000000; 3628.500000; 3628.000000; 3628.000000;
355; 2016-03-31 09:06:25.856 BRT; 50714.000000; 50700.000000; 50720.000000; 50690.000000; 3629.000000; 3628.500000; 3628.000000; 3628.000000;
356; 2016-03-31 09:06:26.934 BRT; 50714.000000; 50698.000000; 50720.000000; 50690.000000; 3629.000000; 3628.500000; 3628.000000; 3628.000000;
357; 2016-03-31 09:06:27.937 BRT; 50718.000000; 50700.000000; 50725.000000; 50695.000000; 3629.000000; 3628.500000; 3628.000000; 3628.000000;
358; 2016-03-31 09:06:28.937 BRT; 50720.000000; 50705.000000; 50725.000000; 50700.000000; 3629.000000; 3628.500000; 3628.000000; 3628.000000;
359; 2016-03-31 09:06:30.790 BRT; 50715.000000; 50705.000000; 50720.000000; 50700.000000; 3629.000000; 3628.300000; 3628.000000; 3628.000000;
360; 2016-03-31 09:06:31.334 BRT; 50705.000000; 50696.000000; 50715.000000; 50700.000000; 3629.000000; 3628.300000; 3628.000000; 3628.000000;
361; 2016-03-31 09:06:32.342 BRT; 50705.000000; 50698.000000; 50715.000000; 50700.000000; 3629.000000; 3628.200000; 3628.000000; 3628.000000;
362; 2016-03-31 09:06:33.419 BRT; 50700.000000; 50691.000000; 50710.000000; 50685.000000; 3629.000000; 3628.200000; 3628.000000; 3628.000000;
363; 2016-03-31 09:06:34.599 BRT; 50705.000000; 50694.000000; 50715.000000; 50685.000000; 3628.000000; 3626.200000; 3628.000000; 3628.000000;
364; 2016-03-31 09:06:35.723 BRT; 50705.000000; 50695.000000; 50715.000000; 50685.000000; 3628.400000; 3626.800000; 3628.000000; 3628.000000;
365; 2016-03-31 09:06:36.827 BRT; 50705.000000; 50695.000000; 50715.000000; 50685.000000; 3628.800000; 3627.000000; 3628.000000; 3628.000000;
366; 2016-03-31 09:06:37.836 BRT; 50709.000000; 50695.000000; 50720.000000; 50685.000000; 3628.800000; 3627.000000; 3628.000000; 3628.000000;
367; 2016-03-31 09:06:38.913 BRT; 50709.000000; 50695.000000; 50720.000000; 50685.000000; 3628.600000; 3627.100000; 3628.000000; 3628.000000;
368; 2016-03-31 09:06:39.944 BRT; 50706.000000; 50695.000000; 50720.000000; 50685.000000; 3628.600000; 3627.100000; 3628.000000; 3628.000000;
369; 2016-03-31 09:06:40.947 BRT; 50710.000000; 50695.000000; 50720.000000; 50690.000000; 3628.300000; 3626.200000; 3628.000000; 3628.000000;
370; 2016-03-31 09:06:42.110 BRT; 50710.000000; 50700.000000; 50720.000000; 50690.000000; 3628.300000; 3626.200000; 3628.000000; 3628.000000;
371; 2016-03-31 09:06:43.700 BRT; 50710.000000; 50700.000000; 50720.000000; 50690.000000; 3628.400000; 3626.200000; 3628.000000; 3628.000000;
372; 2016-03-31 09:06:44.322 BRT; 50708.000000; 50700.000000; 50720.000000; 50690.000000; 3627.000000; 3626.200000; 3628.000000; 3628.000000;
373; 2016-03-31 09:06:45.342 BRT; 50709.000000; 50700.000000; 50720.000000; 50690.000000; 3628.300000; 3626.600000; 3628.000000; 3628.000000;
374; 2016-03-31 09:06:46.346 BRT; 50705.000000; 50694.000000; 50710.000000; 50685.000000; 3628.300000; 3626.600000; 3628.000000; 3628.000000;
375; 2016-03-31 09:06:47.517 BRT; 50717.000000; 50705.000000; 50725.000000; 50695.000000; 3628.100000; 3625.900000; 3628.000000; 3628.000000;
376; 2016-03-31 09:06:48.521 BRT; 50718.000000; 50705.000000; 50725.000000; 50695.000000; 3628.100000; 3626.000000; 3628.000000; 3628.000000;
377; 2016-03-31 09:06:49.622 BRT; 50718.000000; 50705.000000; 50725.000000; 50695.000000; 3628.100000; 3626.000000; 3628.000000; 3628.000000;
378; 2016-03-31 09:06:50.667 BRT; 50723.000000; 50715.000000; 50730.000000; 50705.000000; 3628.300000; 3626.800000; 3628.000000; 3628.000000;
379; 2016-03-31 09:06:51.964 BRT; 50722.000000; 50713.000000; 50730.000000; 50700.000000; 3628.100000; 3626.100000; 3628.000000; 3628.000000;
380; 2016-03-31 09:06:53.270 BRT; 50740.000000; 50728.000000; 50745.000000; 50715.000000; 3628.300000; 3626.700000; 3628.000000; 3628.000000;
381; 2016-03-31 09:06:54.360 BRT; 50735.000000; 50720.000000; 50740.000000; 50710.000000; 3628.000000; 3627.100000; 3628.000000; 3628.000000;
382; 2016-03-31 09:06:55.242 BRT; 50725.000000; 50715.000000; 50740.000000; 50710.000000; 3628.000000; 3626.900000; 3628.000000; 3628.000000;
383; 2016-03-31 09:06:56.248 BRT; 50706.000000; 50694.000000; 50715.000000; 50685.000000; 3628.000000; 3626.900000; 3628.000000; 3628.000000;
384; 2016-03-31 09:06:57.565 BRT; 50711.000000; 50700.000000; 50720.000000; 50685.000000; 3628.100000; 3627.500000; 3628.000000; 3628.000000;
385; 2016-03-31 09:06:58.594 BRT; 50711.000000; 50700.000000; 50720.000000; 50685.000000; 3628.200000; 3627.500000; 3628.000000; 3628.000000;
386; 2016-03-31 09:06:59.702 BRT; 50720.000000; 50709.000000; 50730.000000; 50705.000000; 3629.000000; 3627.700000; 3629.000000; 3629.000000;
387; 2016-03-31 09:07:00.703 BRT; 50720.000000; 50706.000000; 50730.000000; 50705.000000; 3630.000000; 3629.500000; 3629.500000; 3629.500000;
388; 2016-03-31 09:07:01.783 BRT; 50720.000000; 50707.000000; 50730.000000; 50705.000000; 3630.000000; 3628.900000; 3629.500000; 3629.500000;
389; 2016-03-31 09:07:02.852 BRT; 50730.000000; 50725.000000; 50740.000000; 50715.000000; 3630.000000; 3628.900000; 3630.000000; 3630.000000;
390; 2016-03-31 09:07:03.858 BRT; 50730.000000; 50725.000000; 50740.000000; 50715.000000; 3630.000000; 3629.100000; 3630.000000; 3630.000000;
391; 2016-03-31 09:07:04.986 BRT; 50730.000000; 50716.000000; 50735.000000; 50715.000000; 3630.000000; 3629.300000; 3630.000000; 3630.000000;
392; 2016-03-31 09:07:06.230 BRT; 50735.000000; 50725.000000; 50740.000000; 50715.000000; 3630.000000; 3628.800000; 3630.000000; 3630.000000;
393; 2016-03-31 09:07:07.280 BRT; 50735.000000; 50725.000000; 50740.000000; 50715.000000; 3630.000000; 3628.800000; 3630.000000; 3630.000000;
394; 2016-03-31 09:07:08.830 BRT; 50736.000000; 50725.000000; 50740.000000; 50715.000000; 3630.000000; 3628.800000; 3630.000000; 3630.000000;
395; 2016-03-31 09:07:09.142 BRT; 50735.000000; 50721.000000; 50740.000000; 50715.000000; 3631.000000; 3629.800000; 3630.500000; 3630.500000;
396; 2016-03-31 09:07:10.219 BRT; 50730.000000; 50721.000000; 50740.000000; 50715.000000; 3631.000000; 3629.800000; 3630.500000; 3630.500000;
397; 2016-03-31 09:07:11.222 BRT; 50725.000000; 50711.000000; 50730.000000; 50710.000000; 3631.000000; 3629.800000; 3630.500000; 3630.500000;
398; 2016-03-31 09:07:12.306 BRT; 50725.000000; 50715.000000; 50730.000000; 50710.000000; 3631.800000; 3630.000000; 3630.500000; 3630.500000;
399; 2016-03-31 09:07:13.419 BRT; 50725.000000; 50715.000000; 50730.000000; 50710.000000; 3631.800000; 3629.900000; 3630.500000; 3630.500000;
400; 2016-03-31 09:07:14.477 BRT; 50725.000000; 50715.000000; 50730.000000; 50710.000000; 3631.800000; 3629.900000; 3630.500000; 3630.500000;
401; 2016-03-31 09:07:15.580 BRT; 50725.000000; 50715.000000; 50730.000000; 50710.000000; 3631.800000; 3629.700000; 3630.500000; 3630.500000;
402; 2016-03-31 09:07:16.732 BRT; 50715.000000; 50705.000000; 50725.000000; 50700.000000; 3631.800000; 3629.800000; 3630.500000; 3630.500000;
403; 2016-03-31 09:07:17.876 BRT; 50715.000000; 50710.000000; 50725.000000; 50700.000000; 3631.800000; 3630.000000; 3630.500000; 3630.500000;
404; 2016-03-31 09:07:18.986 BRT; 50710.000000; 50700.000000; 50720.000000; 50700.000000; 3631.000000; 3629.800000; 3630.500000; 3630.500000;
405; 2016-03-31 09:07:20.416 BRT; 50710.000000; 50700.000000; 50725.000000; 50700.000000; 3631.000000; 3630.000000; 3630.500000; 3630.500000;
406; 2016-03-31 09:07:21.417 BRT; 50710.000000; 50700.000000; 50715.000000; 50700.000000; 3631.000000; 3630.000000; 3630.500000; 3630.500000;
407; 2016-03-31 09:07:22.417 BRT; 50691.000000; 50679.000000; 50700.000000; 50680.000000; 3631.000000; 3630.000000; 3630.500000; 3630.500000;
408; 2016-03-31 09:07:23.426 BRT; 50690.000000; 50678.000000; 50700.000000; 50680.000000; 3631.000000; 3630.100000; 3630.500000; 3630.500000;
409; 2016-03-31 09:07:24.441 BRT; 50690.000000; 50679.000000; 50700.000000; 50680.000000; 3631.000000; 3630.000000; 3630.500000; 3630.500000;
410; 2016-03-31 09:07:25.475 BRT; 50691.000000; 50677.000000; 50700.000000; 50680.000000; 3631.100000; 3630.300000; 3630.500000; 3630.500000;
411; 2016-03-31 09:07:26.763 BRT; 50695.000000; 50685.000000; 50700.000000; 50680.000000; 3631.100000; 3630.300000; 3630.500000; 3630.500000;
412; 2016-03-31 09:07:28.162 BRT; 50695.000000; 50685.000000; 50700.000000; 50680.000000; 3631.100000; 3630.300000; 3630.500000; 3630.500000;
413; 2016-03-31 09:07:29.186 BRT; 50695.000000; 50685.000000; 50700.000000; 50680.000000; 3631.100000; 3630.500000; 3630.500000; 3630.500000;
414; 2016-03-31 09:07:30.319 BRT; 50695.000000; 50685.000000; 50700.000000; 50680.000000; 3631.800000; 3630.500000; 3632.000000; 3632.000000;
415; 2016-03-31 09:07:31.321 BRT; 50695.000000; 50685.000000; 50700.000000; 50680.000000; 3631.800000; 3630.500000; 3632.000000; 3632.000000;
416; 2016-03-31 09:07:32.370 BRT; 50695.000000; 50685.000000; 50705.000000; 50680.000000; 3632.100000; 3630.500000; 3632.000000; 3632.000000;
417; 2016-03-31 09:07:33.387 BRT; 50695.000000; 50685.000000; 50700.000000; 50680.000000; 3632.100000; 3631.300000; 3632.000000; 3632.000000;
418; 2016-03-31 09:07:34.467 BRT; 50690.000000; 50680.000000; 50700.000000; 50680.000000; 3632.100000; 3631.000000; 3632.000000; 3632.000000;
419; 2016-03-31 09:07:35.524 BRT; 50690.000000; 50685.000000; 50700.000000; 50680.000000; 3633.000000; 3631.400000; 3632.000000; 3632.000000;
420; 2016-03-31 09:07:36.563 BRT; 50690.000000; 50680.000000; 50700.000000; 50680.000000; 3633.000000; 3631.400000; 3632.000000; 3632.000000;
421; 2016-03-31 09:07:37.704 BRT; 50690.000000; 50680.000000; 50700.000000; 50680.000000; 3633.000000; 3631.400000; 3632.000000; 3632.000000;
422; 2016-03-31 09:07:38.704 BRT; 50690.000000; 50680.000000; 50700.000000; 50680.000000; 3634.000000; 3632.400000; 3634.000000; 3634.000000;
423; 2016-03-31 09:07:39.804 BRT; 50685.000000; 50680.000000; 50695.000000; 50680.000000; 3635.000000; 3634.500000; 3634.500000; 3634.500000;
424; 2016-03-31 09:07:40.812 BRT; 50680.000000; 50670.000000; 50690.000000; 50675.000000; 3635.000000; 3634.500000; 3634.500000; 3634.500000;
425; 2016-03-31 09:07:41.814 BRT; 50680.000000; 50670.000000; 50690.000000; 50675.000000; 3635.000000; 3634.500000; 3634.500000; 3634.500000;
426; 2016-03-31 09:07:42.936 BRT; 50680.000000; 50670.000000; 50690.000000; 50675.000000; 3635.000000; 3634.300000; 3635.000000; 3635.000000;
427; 2016-03-31 09:07:43.988 BRT; 50670.000000; 50663.000000; 50680.000000; 50655.000000; 3634.900000; 3633.700000; 3635.000000; 3635.000000;
428; 2016-03-31 09:07:45.168 BRT; 50665.000000; 50658.000000; 50675.000000; 50655.000000; 3634.900000; 3633.300000; 3636.000000; 3636.000000;
429; 2016-03-31 09:07:46.180 BRT; 50665.000000; 50655.000000; 50675.000000; 50655.000000; 3636.000000; 3634.500000; 3636.000000; 3636.000000;
430; 2016-03-31 09:07:47.180 BRT; 50635.000000; 50630.000000; 50650.000000; 50630.000000; 3633.300000; 3630.500000; 3630.500000; 3630.500000;
431; 2016-03-31 09:07:48.253 BRT; 50643.000000; 50630.000000; 50650.000000; 50630.000000; 3633.000000; 3630.500000; 3630.500000; 3630.500000;
432; 2016-03-31 09:07:49.255 BRT; 50645.000000; 50635.000000; 50650.000000; 50630.000000; 3632.400000; 3630.500000; 3630.000000; 3630.000000;
433; 2016-03-31 09:07:50.284 BRT; 50645.000000; 50635.000000; 50650.000000; 50630.000000; 3632.600000; 3630.500000; 3630.000000; 3630.000000;
434; 2016-03-31 09:07:51.320 BRT; 50645.000000; 50635.000000; 50650.000000; 50630.000000; 3632.600000; 3630.600000; 3630.000000; 3630.000000;
435; 2016-03-31 09:07:52.330 BRT; 50645.000000; 50635.000000; 50650.000000; 50635.000000; 3633.600000; 3631.800000; 3631.500000; 3631.500000;
436; 2016-03-31 09:07:53.676 BRT; 50650.000000; 50635.000000; 50650.000000; 50635.000000; 3633.400000; 3632.000000; 3631.500000; 3631.500000;
437; 2016-03-31 09:07:54.858 BRT; 50650.000000; 50640.000000; 50650.000000; 50635.000000; 3633.700000; 3632.000000; 3631.500000; 3631.500000;
438; 2016-03-31 09:07:55.907 BRT; 50640.000000; 50630.000000; 50650.000000; 50625.000000; 3633.700000; 3631.200000; 3631.500000; 3631.500000;
439; 2016-03-31 09:07:57.156 BRT; 50635.000000; 50623.000000; 50645.000000; 50625.000000; 3633.700000; 3631.200000; 3631.500000; 3631.500000;
440; 2016-03-31 09:07:58.160 BRT; 50635.000000; 50625.000000; 50645.000000; 50625.000000; 3633.700000; 3631.200000; 3631.500000; 3631.500000;
441; 2016-03-31 09:07:59.176 BRT; 50635.000000; 50620.000000; 50640.000000; 50625.000000; 3634.000000; 3631.800000; 3631.500000; 3631.500000;
442; 2016-03-31 09:08:00.278 BRT; 50635.000000; 50625.000000; 50645.000000; 50625.000000; 3633.000000; 3631.800000; 3631.500000; 3631.500000;
443; 2016-03-31 09:08:01.283 BRT; 50635.000000; 50625.000000; 50645.000000; 50625.000000; 3633.000000; 3631.000000; 3631.500000; 3631.500000;
444; 2016-03-31 09:08:02.283 BRT; 50635.000000; 50625.000000; 50650.000000; 50625.000000; 3633.000000; 3631.600000; 3631.500000; 3631.500000;
445; 2016-03-31 09:08:03.285 BRT; 50640.000000; 50635.000000; 50650.000000; 50630.000000; 3633.000000; 3630.800000; 3630.500000; 3630.500000;
446; 2016-03-31 09:08:04.310 BRT; 50644.000000; 50635.000000; 50650.000000; 50630.000000; 3632.900000; 3630.800000; 3630.500000; 3630.500000;
447; 2016-03-31 09:08:05.391 BRT; 50645.000000; 50635.000000; 50650.000000; 50630.000000; 3632.900000; 3630.800000; 3630.500000; 3630.500000;
448; 2016-03-31 09:08:06.394 BRT; 50640.000000; 50626.000000; 50650.000000; 50625.000000; 3632.900000; 3631.000000; 3630.500000; 3630.500000;
449; 2016-03-31 09:08:07.417 BRT; 50635.000000; 50625.000000; 50640.000000; 50625.000000; 3632.900000; 3630.800000; 3630.500000; 3630.500000;
450; 2016-03-31 09:08:08.479 BRT; 50625.000000; 50620.000000; 50635.000000; 50610.000000; 3632.000000; 3630.800000; 3630.500000; 3630.500000;
451; 2016-03-31 09:08:09.520 BRT; 50625.000000; 50616.000000; 50635.000000; 50610.000000; 3632.000000; 3631.200000; 3630.500000; 3630.500000;
452; 2016-03-31 09:08:10.523 BRT; 50620.000000; 50610.000000; 50630.000000; 50605.000000; 3632.000000; 3631.200000; 3630.500000; 3630.500000;
453; 2016-03-31 09:08:11.628 BRT; 50610.000000; 50600.000000; 50620.000000; 50605.000000; 3632.000000; 3630.100000; 3630.500000; 3630.500000;
454; 2016-03-31 09:08:12.692 BRT; 50613.000000; 50603.000000; 50620.000000; 50605.000000; 3631.500000; 3630.300000; 3630.500000; 3630.500000;
455; 2016-03-31 09:08:13.748 BRT; 50615.000000; 50601.000000; 50625.000000; 50605.000000; 3631.500000; 3630.300000; 3630.500000; 3630.500000;
456; 2016-03-31 09:08:14.873 BRT; 50615.000000; 50602.000000; 50625.000000; 50605.000000; 3631.500000; 3630.200000; 3630.500000; 3630.500000;
457; 2016-03-31 09:08:15.904 BRT; 50611.000000; 50605.000000; 50625.000000; 50605.000000; 3631.500000; 3630.600000; 3630.500000; 3630.500000;
458; 2016-03-31 09:08:17.590 BRT; 50615.000000; 50602.000000; 50625.000000; 50605.000000; 3631.500000; 3630.600000; 3630.500000; 3630.500000;
459; 2016-03-31 09:08:18.640 BRT; 50615.000000; 50600.000000; 50620.000000; 50605.000000; 3631.500000; 3630.600000; 3630.500000; 3630.500000;
460; 2016-03-31 09:08:19.210 BRT; 50610.000000; 50600.000000; 50615.000000; 50600.000000; 3631.500000; 3630.600000; 3630.500000; 3630.500000;
461; 2016-03-31 09:08:20.252 BRT; 50615.000000; 50605.000000; 50620.000000; 50605.000000; 3631.500000; 3631.000000; 3631.000000; 3631.000000;
462; 2016-03-31 09:08:21.262 BRT; 50605.000000; 50600.000000; 50620.000000; 50605.000000; 3632.800000; 3631.200000; 3632.000000; 3632.000000;
463; 2016-03-31 09:08:22.307 BRT; 50610.000000; 50600.000000; 50620.000000; 50600.000000; 3632.800000; 3630.900000; 3632.000000; 3632.000000;
464; 2016-03-31 09:08:23.350 BRT; 50610.000000; 50600.000000; 50615.000000; 50600.000000; 3633.000000; 3630.900000; 3632.000000; 3632.000000;
465; 2016-03-31 09:08:24.451 BRT; 50610.000000; 50600.000000; 50620.000000; 50600.000000; 3633.000000; 3631.200000; 3632.000000; 3632.000000;
466; 2016-03-31 09:08:25.511 BRT; 50615.000000; 50605.000000; 50620.000000; 50600.000000; 3631.300000; 3630.500000; 3632.000000; 3632.000000;
467; 2016-03-31 09:08:26.526 BRT; 50615.000000; 50605.000000; 50620.000000; 50600.000000; 3631.700000; 3630.500000; 3632.000000; 3632.000000;
468; 2016-03-31 09:08:27.559 BRT; 50615.000000; 50605.000000; 50625.000000; 50600.000000; 3631.700000; 3630.500000; 3632.000000; 3632.000000;
469; 2016-03-31 09:08:28.605 BRT; 50620.000000; 50610.000000; 50625.000000; 50600.000000; 3632.500000; 3630.500000; 3632.000000; 3632.000000;
470; 2016-03-31 09:08:29.653 BRT; 50620.000000; 50615.000000; 50625.000000; 50600.000000; 3632.000000; 3630.500000; 3632.000000; 3632.000000;
471; 2016-03-31 09:08:30.663 BRT; 50620.000000; 50615.000000; 50625.000000; 50600.000000; 3632.000000; 3630.500000; 3632.000000; 3632.000000;
472; 2016-03-31 09:08:31.682 BRT; 50620.000000; 50610.000000; 50625.000000; 50600.000000; 3631.700000; 3630.600000; 3632.000000; 3632.000000;
473; 2016-03-31 09:08:32.688 BRT; 50620.000000; 50611.000000; 50625.000000; 50600.000000; 3631.700000; 3630.600000; 3632.000000; 3632.000000;
474; 2016-03-31 09:08:33.721 BRT; 50615.000000; 50610.000000; 50625.000000; 50600.000000; 3631.500000; 3630.500000; 3632.000000; 3632.000000;
475; 2016-03-31 09:08:34.722 BRT; 50615.000000; 50605.000000; 50625.000000; 50600.000000; 3631.600000; 3630.500000; 3632.000000; 3632.000000;
476; 2016-03-31 09:08:35.744 BRT; 50620.000000; 50610.000000; 50625.000000; 50600.000000; 3631.600000; 3630.500000; 3632.000000; 3632.000000;
477; 2016-03-31 09:08:36.837 BRT; 50620.000000; 50610.000000; 50625.000000; 50600.000000; 3631.400000; 3630.400000; 3632.000000; 3632.000000;
478; 2016-03-31 09:08:37.891 BRT; 50620.000000; 50610.000000; 50625.000000; 50600.000000; 3630.900000; 3629.200000; 3632.000000; 3632.000000;
479; 2016-03-31 09:08:38.982 BRT; 50620.000000; 50610.000000; 50625.000000; 50600.000000; 3630.300000; 3628.600000; 3632.000000; 3632.000000;
480; 2016-03-31 09:08:39.999 BRT; 50620.000000; 50610.000000; 50625.000000; 50600.000000; 3630.300000; 3628.800000; 3632.000000; 3632.000000;
481; 2016-03-31 09:08:41.630 BRT; 50625.000000; 50620.000000; 50625.000000; 50610.000000; 3630.300000; 3628.600000; 3632.000000; 3632.000000;
482; 2016-03-31 09:08:42.136 BRT; 50625.000000; 50620.000000; 50625.000000; 50610.000000; 3630.300000; 3628.800000; 3632.000000; 3632.000000;
483; 2016-03-31 09:08:43.142 BRT; 50636.000000; 50630.000000; 50645.000000; 50625.000000; 3630.400000; 3628.800000; 3632.000000; 3632.000000;
484; 2016-03-31 09:08:44.322 BRT; 50640.000000; 50629.000000; 50645.000000; 50625.000000; 3630.400000; 3628.800000; 3632.000000; 3632.000000;
485; 2016-03-31 09:08:45.329 BRT; 50655.000000; 50645.000000; 50650.000000; 50640.000000; 3630.100000; 3628.700000; 3629.000000; 3629.000000;
486; 2016-03-31 09:08:46.362 BRT; 50665.000000; 50655.000000; 50675.000000; 50645.000000; 3629.700000; 3629.000000; 3628.500000; 3628.500000;
487; 2016-03-31 09:08:47.384 BRT; 50667.000000; 50655.000000; 50675.000000; 50645.000000; 3629.700000; 3629.000000; 3628.500000; 3628.500000;
488; 2016-03-31 09:08:48.404 BRT; 50666.000000; 50655.000000; 50675.000000; 50645.000000; 3629.700000; 3628.500000; 3628.500000; 3628.500000;
489; 2016-03-31 09:08:49.608 BRT; 50664.000000; 50655.000000; 50675.000000; 50645.000000; 3629.700000; 3628.100000; 3628.500000; 3628.500000;
490; 2016-03-31 09:08:50.706 BRT; 50664.000000; 50655.000000; 50675.000000; 50640.000000; 3629.500000; 3628.100000; 3628.500000; 3628.500000;
491; 2016-03-31 09:08:51.763 BRT; 50665.000000; 50655.000000; 50675.000000; 50645.000000; 3629.300000; 3628.100000; 3628.500000; 3628.500000;
492; 2016-03-31 09:08:52.840 BRT; 50670.000000; 50655.000000; 50675.000000; 50645.000000; 3629.100000; 3627.300000; 3628.500000; 3628.500000;
493; 2016-03-31 09:08:53.874 BRT; 50665.000000; 50655.000000; 50675.000000; 50640.000000; 3629.100000; 3627.300000; 3628.500000; 3628.500000;
494; 2016-03-31 09:08:54.893 BRT; 50665.000000; 50650.000000; 50675.000000; 50640.000000; 3629.100000; 3627.300000; 3628.500000; 3628.500000;
495; 2016-03-31 09:08:56.670 BRT; 50667.000000; 50655.000000; 50675.000000; 50645.000000; 3628.900000; 3627.000000; 3627.000000; 3627.000000;
496; 2016-03-31 09:08:57.920 BRT; 50665.000000; 50655.000000; 50675.000000; 50650.000000; 3627.700000; 3626.500000; 3625.500000; 3625.500000;
497; 2016-03-31 09:08:58.202 BRT; 50660.000000; 50651.000000; 50670.000000; 50650.000000; 3627.700000; 3626.500000; 3625.500000; 3625.500000;
498; 2016-03-31 09:08:59.285 BRT; 50660.000000; 50651.000000; 50670.000000; 50650.000000; 3627.700000; 3626.500000; 3625.500000; 3625.500000;
499; 2016-03-31 09:09:00.286 BRT; 50662.000000; 50650.000000; 50675.000000; 50650.000000; 3627.700000; 3626.500000; 3625.500000; 3625.500000;
500; 2016-03-31 09:09:01.313 BRT; 50660.000000; 50650.000000; 50670.000000; 50650.000000; 3627.700000; 3626.500000; 3625.500000; 3625.500000;
501; 2016-03-31 09:09:02.386 BRT; 50655.000000; 50645.000000; 50665.000000; 50650.000000; 3627.700000; 3626.500000; 3625.500000; 3625.500000;
502; 2016-03-31 09:09:03.472 BRT; 50660.000000; 50650.000000; 50670.000000; 50650.000000; 3627.500000; 3626.500000; 3625.500000; 3625.500000;
503; 2016-03-31 09:09:04.511 BRT; 50660.000000; 50650.000000; 50670.000000; 50650.000000; 3627.700000; 3626.500000; 3625.500000; 3625.500000;
504; 2016-03-31 09:09:05.669 BRT; 50660.000000; 50651.000000; 50670.000000; 50650.000000; 3627.600000; 3625.300000; 3625.500000; 3625.500000;
505; 2016-03-31 09:09:06.870 BRT; 50660.000000; 50655.000000; 50670.000000; 50650.000000; 3627.100000; 3625.100000; 3625.500000; 3625.500000;
506; 2016-03-31 09:09:07.870 BRT; 50660.000000; 50650.000000; 50670.000000; 50650.000000; 3627.700000; 3625.700000; 3625.500000; 3625.500000;
507; 2016-03-31 09:09:09.900 BRT; 50667.000000; 50651.000000; 50675.000000; 50655.000000; 3627.700000; 3625.800000; 3625.500000; 3625.500000;
508; 2016-03-31 09:09:10.341 BRT; 50669.000000; 50651.000000; 50675.000000; 50655.000000; 3627.700000; 3625.400000; 3625.500000; 3625.500000;
509; 2016-03-31 09:09:11.387 BRT; 50667.000000; 50653.000000; 50675.000000; 50655.000000; 3627.700000; 3625.900000; 3625.500000; 3625.500000;
510; 2016-03-31 09:09:12.488 BRT; 50665.000000; 50653.000000; 50675.000000; 50655.000000; 3626.900000; 3625.200000; 3625.500000; 3625.500000;
511; 2016-03-31 09:09:13.530 BRT; 50665.000000; 50653.000000; 50675.000000; 50655.000000; 3626.900000; 3625.400000; 3625.500000; 3625.500000;
512; 2016-03-31 09:09:14.823 BRT; 50670.000000; 50660.000000; 50675.000000; 50660.000000; 3627.100000; 3625.400000; 3625.500000; 3625.500000;
513; 2016-03-31 09:09:15.923 BRT; 50670.000000; 50660.000000; 50675.000000; 50660.000000; 3627.100000; 3625.600000; 3625.500000; 3625.500000;
514; 2016-03-31 09:09:17.209 BRT; 50665.000000; 50655.000000; 50675.000000; 50655.000000; 3627.100000; 3625.600000; 3625.500000; 3625.500000;
515; 2016-03-31 09:09:18.341 BRT; 50665.000000; 50655.000000; 50675.000000; 50655.000000; 3628.100000; 3625.800000; 3625.500000; 3625.500000;
516; 2016-03-31 09:09:19.353 BRT; 50666.000000; 50655.000000; 50675.000000; 50655.000000; 3628.100000; 3625.800000; 3625.500000; 3625.500000;
517; 2016-03-31 09:09:20.355 BRT; 50666.000000; 50660.000000; 50675.000000; 50655.000000; 3628.500000; 3626.200000; 3625.500000; 3625.500000;
518; 2016-03-31 09:09:21.489 BRT; 50666.000000; 50660.000000; 50675.000000; 50655.000000; 3627.000000; 3626.200000; 3625.500000; 3625.500000;
519; 2016-03-31 09:09:22.617 BRT; 50670.000000; 50665.000000; 50675.000000; 50655.000000; 3627.000000; 3626.200000; 3625.500000; 3625.500000;
520; 2016-03-31 09:09:23.619 BRT; 50670.000000; 50660.000000; 50675.000000; 50655.000000; 3627.100000; 3625.700000; 3625.500000; 3625.500000;
521; 2016-03-31 09:09:24.630 BRT; 50670.000000; 50660.000000; 50675.000000; 50655.000000; 3627.900000; 3627.000000; 3625.500000; 3625.500000;
522; 2016-03-31 09:09:25.707 BRT; 50670.000000; 50660.000000; 50675.000000; 50655.000000; 3627.900000; 3627.000000; 3625.500000; 3625.500000;
523; 2016-03-31 09:09:26.882 BRT; 50675.000000; 50665.000000; 50675.000000; 50660.000000; 3628.300000; 3627.000000; 3625.500000; 3625.500000;
524; 2016-03-31 09:09:27.883 BRT; 50670.000000; 50655.000000; 50670.000000; 50655.000000; 3628.300000; 3627.000000; 3625.500000; 3625.500000;
525; 2016-03-31 09:09:28.948 BRT; 50670.000000; 50655.000000; 50670.000000; 50655.000000; 3628.300000; 3626.300000; 3625.500000; 3625.500000;
526; 2016-03-31 09:09:30.900 BRT; 50660.000000; 50655.000000; 50670.000000; 50655.000000; 3628.300000; 3626.300000; 3625.500000; 3625.500000;
527; 2016-03-31 09:09:31.183 BRT; 50650.000000; 50640.000000; 50655.000000; 50635.000000; 3628.200000; 3626.300000; 3625.500000; 3625.500000;
528; 2016-03-31 09:09:32.193 BRT; 50650.000000; 50640.000000; 50655.000000; 50635.000000; 3627.800000; 3626.200000; 3625.500000; 3625.500000;
529; 2016-03-31 09:09:33.462 BRT; 50650.000000; 50640.000000; 50655.000000; 50635.000000; 3628.000000; 3626.200000; 3625.500000; 3625.500000;
530; 2016-03-31 09:09:34.747 BRT; 50650.000000; 50640.000000; 50655.000000; 50635.000000; 3628.200000; 3626.600000; 3625.500000; 3625.500000;
531; 2016-03-31 09:09:35.830 BRT; 50650.000000; 50640.000000; 50655.000000; 50635.000000; 3628.200000; 3626.800000; 3625.500000; 3625.500000;
532; 2016-03-31 09:09:36.854 BRT; 50650.000000; 50640.000000; 50655.000000; 50635.000000; 3628.200000; 3626.800000; 3625.500000; 3625.500000;
533; 2016-03-31 09:09:37.880 BRT; 50650.000000; 50640.000000; 50655.000000; 50635.000000; 3628.100000; 3626.800000; 3625.500000; 3625.500000;
534; 2016-03-31 09:09:38.992 BRT; 50650.000000; 50640.000000; 50655.000000; 50640.000000; 3628.100000; 3626.800000; 3625.500000; 3625.500000;
535; 2016-03-31 09:09:40.240 BRT; 50651.000000; 50640.000000; 50655.000000; 50640.000000; 3627.900000; 3626.600000; 3625.500000; 3625.500000;
536; 2016-03-31 09:09:41.760 BRT; 50654.000000; 50640.000000; 50655.000000; 50640.000000; 3627.900000; 3626.600000; 3625.500000; 3625.500000;
537; 2016-03-31 09:09:42.226 BRT; 50650.000000; 50640.000000; 50655.000000; 50640.000000; 3627.900000; 3626.600000; 3625.500000; 3625.500000;
538; 2016-03-31 09:09:43.351 BRT; 50650.000000; 50639.000000; 50655.000000; 50640.000000; 3627.900000; 3626.500000; 3627.000000; 3627.000000;
539; 2016-03-31 09:09:44.507 BRT; 50654.000000; 50645.000000; 50655.000000; 50640.000000; 3627.900000; 3626.300000; 3627.000000; 3627.000000;
540; 2016-03-31 09:09:45.608 BRT; 50654.000000; 50645.000000; 50655.000000; 50640.000000; 3627.300000; 3626.000000; 3627.000000; 3627.000000;
541; 2016-03-31 09:09:46.608 BRT; 50655.000000; 50647.000000; 50655.000000; 50640.000000; 3627.300000; 3626.000000; 3627.000000; 3627.000000;
542; 2016-03-31 09:09:47.725 BRT; 50655.000000; 50647.000000; 50655.000000; 50640.000000; 3626.800000; 3625.200000; 3627.000000; 3627.000000;
543; 2016-03-31 09:09:48.740 BRT; 50675.000000; 50670.000000; 50675.000000; 50665.000000; 3626.800000; 3625.200000; 3627.000000; 3627.000000;
544; 2016-03-31 09:09:49.836 BRT; 50675.000000; 50670.000000; 50675.000000; 50665.000000; 3626.800000; 3625.200000; 3626.000000; 3626.000000;
545; 2016-03-31 09:09:50.883 BRT; 50699.000000; 50685.000000; 50700.000000; 50680.000000; 3625.900000; 3624.100000; 3625.500000; 3625.500000;
546; 2016-03-31 09:09:51.918 BRT; 50699.000000; 50685.000000; 50700.000000; 50680.000000; 3625.400000; 3624.100000; 3625.500000; 3625.500000;
547; 2016-03-31 09:09:52.931 BRT; 50695.000000; 50685.000000; 50700.000000; 50680.000000; 3624.900000; 3623.700000; 3625.000000; 3625.000000;
548; 2016-03-31 09:09:53.941 BRT; 50696.000000; 50685.000000; 50700.000000; 50680.000000; 3624.800000; 3623.600000; 3625.000000; 3625.000000;
549; 2016-03-31 09:09:54.988 BRT; 50704.000000; 50690.000000; 50705.000000; 50690.000000; 3624.800000; 3623.500000; 3625.000000; 3625.000000;
550; 2016-03-31 09:09:55.997 BRT; 50712.000000; 50705.000000; 50720.000000; 50700.000000; 3624.200000; 3623.500000; 3625.000000; 3625.000000;
551; 2016-03-31 09:09:57.190 BRT; 50710.000000; 50700.000000; 50725.000000; 50690.000000; 3624.800000; 3623.500000; 3625.000000; 3625.000000;
552; 2016-03-31 09:09:58.400 BRT; 50700.000000; 50693.000000; 50705.000000; 50690.000000; 3624.800000; 3623.100000; 3625.000000; 3625.000000;
553; 2016-03-31 09:09:59.500 BRT; 50705.000000; 50695.000000; 50705.000000; 50690.000000; 3624.500000; 3621.900000; 3625.000000; 3625.000000;
554; 2016-03-31 09:10:00.690 BRT; 50707.000000; 50700.000000; 50705.000000; 50690.000000; 3623.500000; 3622.200000; 3625.000000; 3625.000000;
555; 2016-03-31 09:10:01.710 BRT; 50700.000000; 50693.000000; 50705.000000; 50690.000000; 3624.400000; 3622.500000; 3625.000000; 3625.000000;
556; 2016-03-31 09:10:02.860 BRT; 50691.000000; 50680.000000; 50700.000000; 50665.000000; 3624.400000; 3622.800000; 3625.000000; 3625.000000;
557; 2016-03-31 09:10:03.860 BRT; 50715.000000; 50705.000000; 50730.000000; 50695.000000; 3624.400000; 3622.900000; 3625.000000; 3625.000000;
558; 2016-03-31 09:10:04.156 BRT; 50715.000000; 50704.000000; 50730.000000; 50695.000000; 3624.500000; 3622.900000; 3625.000000; 3625.000000;
559; 2016-03-31 09:10:05.230 BRT; 50705.000000; 50698.000000; 50730.000000; 50695.000000; 3624.500000; 3622.300000; 3625.000000; 3625.000000;
560; 2016-03-31 09:10:06.252 BRT; 50713.000000; 50705.000000; 50730.000000; 50695.000000; 3624.000000; 3622.400000; 3625.000000; 3625.000000;
561; 2016-03-31 09:10:07.362 BRT; 50715.000000; 50705.000000; 50730.000000; 50695.000000; 3624.000000; 3622.700000; 3625.000000; 3625.000000;
562; 2016-03-31 09:10:08.688 BRT; 50715.000000; 50705.000000; 50730.000000; 50695.000000; 3624.000000; 3622.700000; 3624.500000; 3624.500000;
563; 2016-03-31 09:10:10.960 BRT; 50715.000000; 50700.000000; 50720.000000; 50700.000000; 3624.500000; 3623.200000; 3624.500000; 3624.500000;
564; 2016-03-31 09:10:11.112 BRT; 50715.000000; 50705.000000; 50720.000000; 50705.000000; 3624.500000; 3623.200000; 3624.500000; 3624.500000;
565; 2016-03-31 09:10:12.117 BRT; 50720.000000; 50715.000000; 50730.000000; 50715.000000; 3624.800000; 3623.200000; 3624.500000; 3624.500000;
566; 2016-03-31 09:10:13.164 BRT; 50725.000000; 50715.000000; 50730.000000; 50715.000000; 3625.000000; 3623.500000; 3624.500000; 3624.500000;
567; 2016-03-31 09:10:14.191 BRT; 50725.000000; 50715.000000; 50730.000000; 50715.000000; 3625.000000; 3623.500000; 3624.500000; 3624.500000;
568; 2016-03-31 09:10:15.303 BRT; 50720.000000; 50715.000000; 50730.000000; 50715.000000; 3625.000000; 3622.900000; 3624.500000; 3624.500000;
569; 2016-03-31 09:10:16.322 BRT; 50725.000000; 50715.000000; 50735.000000; 50715.000000; 3625.000000; 3623.300000; 3625.000000; 3625.000000;
570; 2016-03-31 09:10:17.432 BRT; 50725.000000; 50715.000000; 50735.000000; 50715.000000; 3625.000000; 3623.300000; 3625.000000; 3625.000000;
571; 2016-03-31 09:10:18.475 BRT; 50728.000000; 50715.000000; 50735.000000; 50715.000000; 3625.000000; 3623.300000; 3625.000000; 3625.000000;
572; 2016-03-31 09:10:19.489 BRT; 50725.000000; 50713.000000; 50735.000000; 50715.000000; 3625.000000; 3624.000000; 3625.000000; 3625.000000;
573; 2016-03-31 09:10:20.492 BRT; 50720.000000; 50708.000000; 50730.000000; 50705.000000; 3625.000000; 3624.000000; 3625.000000; 3625.000000;
574; 2016-03-31 09:10:21.499 BRT; 50720.000000; 50706.000000; 50730.000000; 50705.000000; 3625.000000; 3624.000000; 3625.000000; 3625.000000;
575; 2016-03-31 09:10:22.575 BRT; 50717.000000; 50705.000000; 50725.000000; 50705.000000; 3625.000000; 3624.000000; 3625.000000; 3625.000000;
576; 2016-03-31 09:10:23.636 BRT; 50720.000000; 50710.000000; 50725.000000; 50705.000000; 3624.900000; 3624.000000; 3625.000000; 3625.000000;
577; 2016-03-31 09:10:24.710 BRT; 50720.000000; 50710.000000; 50725.000000; 50705.000000; 3625.000000; 3624.000000; 3625.000000; 3625.000000;
578; 2016-03-31 09:10:25.873 BRT; 50710.000000; 50700.000000; 50720.000000; 50705.000000; 3625.000000; 3624.000000; 3625.000000; 3625.000000;
579; 2016-03-31 09:10:26.992 BRT; 50729.000000; 50720.000000; 50730.000000; 50720.000000; 3625.000000; 3624.000000; 3625.000000; 3625.000000;
580; 2016-03-31 09:10:28.700 BRT; 50730.000000; 50719.000000; 50730.000000; 50720.000000; 3625.000000; 3623.500000; 3625.000000; 3625.000000;
581; 2016-03-31 09:10:29.100 BRT; 50735.000000; 50723.000000; 50740.000000; 50720.000000; 3625.100000; 3623.500000; 3625.000000; 3625.000000;
582; 2016-03-31 09:10:30.190 BRT; 50730.000000; 50720.000000; 50740.000000; 50720.000000; 3625.100000; 3623.500000; 3625.000000; 3625.000000;
583; 2016-03-31 09:10:31.112 BRT; 50730.000000; 50718.000000; 50735.000000; 50715.000000; 3625.100000; 3623.300000; 3625.000000; 3625.000000;
584; 2016-03-31 09:10:32.135 BRT; 50729.000000; 50715.000000; 50735.000000; 50710.000000; 3625.400000; 3623.500000; 3625.000000; 3625.000000;
585; 2016-03-31 09:10:33.170 BRT; 50721.000000; 50714.000000; 50735.000000; 50705.000000; 3625.400000; 3623.500000; 3625.000000; 3625.000000;
586; 2016-03-31 09:10:34.223 BRT; 50720.000000; 50705.000000; 50720.000000; 50700.000000; 3625.400000; 3623.500000; 3625.000000; 3625.000000;
587; 2016-03-31 09:10:35.229 BRT; 50710.000000; 50700.000000; 50720.000000; 50700.000000; 3625.400000; 3623.400000; 3625.000000; 3625.000000;
588; 2016-03-31 09:10:36.251 BRT; 50710.000000; 50700.000000; 50720.000000; 50700.000000; 3625.400000; 3623.500000; 3625.000000; 3625.000000;
589; 2016-03-31 09:10:37.320 BRT; 50710.000000; 50700.000000; 50720.000000; 50700.000000; 3625.400000; 3623.500000; 3625.000000; 3625.000000;
590; 2016-03-31 09:10:38.602 BRT; 50710.000000; 50700.000000; 50720.000000; 50700.000000; 3625.200000; 3623.500000; 3625.000000; 3625.000000;
591; 2016-03-31 09:10:39.641 BRT; 50710.000000; 50700.000000; 50720.000000; 50700.000000; 3625.200000; 3624.000000; 3625.000000; 3625.000000;
592; 2016-03-31 09:10:40.689 BRT; 50710.000000; 50700.000000; 50720.000000; 50700.000000; 3625.200000; 3624.000000; 3625.000000; 3625.000000;
593; 2016-03-31 09:10:41.714 BRT; 50710.000000; 50700.000000; 50720.000000; 50700.000000; 3625.200000; 3624.000000; 3625.000000; 3625.000000;
594; 2016-03-31 09:10:42.718 BRT; 50710.000000; 50700.000000; 50720.000000; 50700.000000; 3625.200000; 3623.500000; 3625.000000; 3625.000000;
595; 2016-03-31 09:10:43.917 BRT; 50710.000000; 50700.000000; 50720.000000; 50700.000000; 3625.200000; 3623.500000; 3625.000000; 3625.000000;
596; 2016-03-31 09:10:44.936 BRT; 50710.000000; 50700.000000; 50720.000000; 50700.000000; 3624.800000; 3622.600000; 3624.500000; 3624.500000;
597; 2016-03-31 09:10:45.984 BRT; 50710.000000; 50700.000000; 50720.000000; 50700.000000; 3624.900000; 3622.200000; 3622.500000; 3622.500000;
598; 2016-03-31 09:10:46.998 BRT; 50714.000000; 50705.000000; 50720.000000; 50700.000000; 3624.900000; 3622.200000; 3622.500000; 3622.500000;
599; 2016-03-31 09:10:48.100 BRT; 50719.000000; 50710.000000; 50720.000000; 50700.000000; 3624.900000; 3622.200000; 3622.500000; 3622.500000;
600; 2016-03-31 09:10:49.102 BRT; 50717.000000; 50705.000000; 50720.000000; 50700.000000; 3624.800000; 3622.200000; 3622.500000; 3622.500000;
601; 2016-03-31 09:10:50.105 BRT; 50722.000000; 50710.000000; 50730.000000; 50710.000000; 3624.800000; 3622.200000; 3622.500000; 3622.500000;
602; 2016-03-31 09:10:51.131 BRT; 50728.000000; 50714.000000; 50735.000000; 50710.000000; 3624.800000; 3622.200000; 3622.500000; 3622.500000;
603; 2016-03-31 09:10:52.285 BRT; 50728.000000; 50715.000000; 50735.000000; 50710.000000; 3624.800000; 3622.200000; 3622.500000; 3622.500000;
604; 2016-03-31 09:10:53.366 BRT; 50729.000000; 50715.000000; 50735.000000; 50720.000000; 3624.800000; 3622.200000; 3622.500000; 3622.500000;
605; 2016-03-31 09:10:54.520 BRT; 50730.000000; 50725.000000; 50735.000000; 50720.000000; 3624.900000; 3622.100000; 3622.500000; 3622.500000;
606; 2016-03-31 09:10:55.566 BRT; 50730.000000; 50725.000000; 50735.000000; 50720.000000; 3624.200000; 3622.000000; 3622.500000; 3622.500000;
607; 2016-03-31 09:10:56.598 BRT; 50730.000000; 50725.000000; 50735.000000; 50720.000000; 3623.800000; 3622.000000; 3622.500000; 3622.500000;
608; 2016-03-31 09:10:57.693 BRT; 50730.000000; 50725.000000; 50735.000000; 50720.000000; 3624.200000; 3623.500000; 3622.500000; 3622.500000;
609; 2016-03-31 09:10:58.910 BRT; 50731.000000; 50725.000000; 50735.000000; 50720.000000; 3624.200000; 3622.000000; 3622.500000; 3622.500000;
610; 2016-03-31 09:10:59.959 BRT; 50758.000000; 50750.000000; 50765.000000; 50740.000000; 3624.400000; 3622.300000; 3622.500000; 3622.500000;
611; 2016-03-31 09:11:00.978 BRT; 50765.000000; 50753.000000; 50770.000000; 50750.000000; 3624.500000; 3623.100000; 3622.500000; 3622.500000;
612; 2016-03-31 09:11:02.800 BRT; 50768.000000; 50755.000000; 50770.000000; 50755.000000; 3624.500000; 3624.000000; 3622.500000; 3622.500000;
613; 2016-03-31 09:11:03.260 BRT; 50770.000000; 50758.000000; 50770.000000; 50755.000000; 3624.500000; 3624.000000; 3622.500000; 3622.500000;
614; 2016-03-31 09:11:04.400 BRT; 50760.000000; 50752.000000; 50765.000000; 50750.000000; 3624.500000; 3624.000000; 3622.500000; 3622.500000;
615; 2016-03-31 09:11:05.520 BRT; 50760.000000; 50750.000000; 50770.000000; 50750.000000; 3624.500000; 3622.800000; 3623.000000; 3623.000000;
616; 2016-03-31 09:11:06.910 BRT; 50769.000000; 50755.000000; 50770.000000; 50750.000000; 3624.500000; 3622.800000; 3623.000000; 3623.000000;
617; 2016-03-31 09:11:07.123 BRT; 50745.000000; 50735.000000; 50755.000000; 50730.000000; 3624.500000; 3622.800000; 3623.000000; 3623.000000;
618; 2016-03-31 09:11:08.140 BRT; 50745.000000; 50735.000000; 50755.000000; 50730.000000; 3624.500000; 3622.800000; 3623.000000; 3623.000000;
619; 2016-03-31 09:11:09.221 BRT; 50755.000000; 50745.000000; 50760.000000; 50740.000000; 3624.500000; 3622.800000; 3623.000000; 3623.000000;
620; 2016-03-31 09:11:10.272 BRT; 50750.000000; 50740.000000; 50755.000000; 50740.000000; 3624.500000; 3622.800000; 3623.000000; 3623.000000;
621; 2016-03-31 09:11:11.387 BRT; 50750.000000; 50740.000000; 50755.000000; 50740.000000; 3624.000000; 3622.800000; 3623.000000; 3623.000000;
622; 2016-03-31 09:11:12.413 BRT; 50735.000000; 50725.000000; 50740.000000; 50715.000000; 3624.000000; 3622.800000; 3623.000000; 3623.000000;
623; 2016-03-31 09:11:13.444 BRT; 50725.000000; 50715.000000; 50735.000000; 50715.000000; 3624.000000; 3623.200000; 3623.000000; 3623.000000;
624; 2016-03-31 09:11:14.464 BRT; 50725.000000; 50715.000000; 50735.000000; 50715.000000; 3624.000000; 3623.200000; 3623.000000; 3623.000000;
625; 2016-03-31 09:11:15.468 BRT; 50779.000000; 50768.000000; 50785.000000; 50765.000000; 3624.400000; 3622.800000; 3623.000000; 3623.000000;
626; 2016-03-31 09:11:16.572 BRT; 50770.000000; 50760.000000; 50780.000000; 50755.000000; 3624.500000; 3622.800000; 3623.000000; 3623.000000;
627; 2016-03-31 09:11:17.825 BRT; 50765.000000; 50755.000000; 50775.000000; 50755.000000; 3624.500000; 3622.800000; 3623.000000; 3623.000000;
628; 2016-03-31 09:11:18.862 BRT; 50763.000000; 50755.000000; 50775.000000; 50755.000000; 3624.500000; 3622.800000; 3623.000000; 3623.000000;
629; 2016-03-31 09:11:20.388 BRT; 50740.000000; 50728.000000; 50750.000000; 50730.000000; 3624.500000; 3622.800000; 3623.000000; 3623.000000;
630; 2016-03-31 09:11:21.454 BRT; 50745.000000; 50734.000000; 50755.000000; 50730.000000; 3624.500000; 3622.800000; 3623.000000; 3623.000000;
631; 2016-03-31 09:11:22.481 BRT; 50745.000000; 50730.000000; 50755.000000; 50730.000000; 3624.500000; 3622.800000; 3623.000000; 3623.000000;
632; 2016-03-31 09:11:23.594 BRT; 50745.000000; 50734.000000; 50755.000000; 50730.000000; 3624.500000; 3623.200000; 3623.500000; 3623.500000;
633; 2016-03-31 09:11:24.619 BRT; 50746.000000; 50735.000000; 50755.000000; 50730.000000; 3624.500000; 3623.200000; 3623.500000; 3623.500000;
634; 2016-03-31 09:11:25.646 BRT; 50750.000000; 50740.000000; 50755.000000; 50740.000000; 3624.000000; 3622.600000; 3623.500000; 3623.500000;
635; 2016-03-31 09:11:26.902 BRT; 50750.000000; 50745.000000; 50760.000000; 50740.000000; 3624.000000; 3623.500000; 3623.500000; 3623.500000;
636; 2016-03-31 09:11:27.918 BRT; 50750.000000; 50736.000000; 50755.000000; 50735.000000; 3624.000000; 3623.500000; 3623.500000; 3623.500000;
637; 2016-03-31 09:11:28.967 BRT; 50775.000000; 50765.000000; 50785.000000; 50765.000000; 3624.000000; 3623.500000; 3623.500000; 3623.500000;
638; 2016-03-31 09:11:30.410 BRT; 50775.000000; 50765.000000; 50780.000000; 50765.000000; 3624.000000; 3622.600000; 3623.500000; 3623.500000;
639; 2016-03-31 09:11:31.235 BRT; 50775.000000; 50765.000000; 50780.000000; 50765.000000; 3623.900000; 3622.300000; 3623.000000; 3623.000000;
640; 2016-03-31 09:11:32.327 BRT; 50767.000000; 50755.000000; 50780.000000; 50750.000000; 3623.900000; 3622.300000; 3622.000000; 3622.000000;
641; 2016-03-31 09:11:33.481 BRT; 50766.000000; 50755.000000; 50775.000000; 50750.000000; 3623.500000; 3622.300000; 3622.000000; 3622.000000;
642; 2016-03-31 09:11:34.491 BRT; 50765.000000; 50755.000000; 50780.000000; 50750.000000; 3623.400000; 3622.000000; 3622.000000; 3622.000000;
643; 2016-03-31 09:11:35.501 BRT; 50765.000000; 50755.000000; 50775.000000; 50750.000000; 3623.400000; 3622.000000; 3622.000000; 3622.000000;
644; 2016-03-31 09:11:36.598 BRT; 50765.000000; 50755.000000; 50775.000000; 50750.000000; 3623.000000; 3622.000000; 3622.000000; 3622.000000;
645; 2016-03-31 09:11:37.617 BRT; 50766.000000; 50755.000000; 50775.000000; 50755.000000; 3623.000000; 3621.900000; 3622.000000; 3622.000000;
646; 2016-03-31 09:11:38.709 BRT; 50764.000000; 50755.000000; 50775.000000; 50750.000000; 3622.600000; 3621.200000; 3622.000000; 3622.000000;
647; 2016-03-31 09:11:39.782 BRT; 50770.000000; 50756.000000; 50780.000000; 50755.000000; 3622.400000; 3620.900000; 3622.000000; 3622.000000;
648; 2016-03-31 09:11:41.320 BRT; 50765.000000; 50755.000000; 50775.000000; 50755.000000; 3622.900000; 3621.800000; 3621.500000; 3621.500000;
649; 2016-03-31 09:11:42.325 BRT; 50766.000000; 50755.000000; 50775.000000; 50755.000000; 3622.900000; 3621.800000; 3621.500000; 3621.500000;
650; 2016-03-31 09:11:43.489 BRT; 50770.000000; 50755.000000; 50780.000000; 50755.000000; 3621.800000; 3620.000000; 3621.500000; 3621.500000;
651; 2016-03-31 09:11:44.495 BRT; 50770.000000; 50760.000000; 50780.000000; 50755.000000; 3622.100000; 3620.000000; 3620.000000; 3620.000000;
652; 2016-03-31 09:11:45.534 BRT; 50770.000000; 50760.000000; 50780.000000; 50755.000000; 3622.100000; 3620.000000; 3620.000000; 3620.000000;
653; 2016-03-31 09:11:46.653 BRT; 50765.000000; 50755.000000; 50775.000000; 50755.000000; 3621.900000; 3620.000000; 3620.000000; 3620.000000;
654; 2016-03-31 09:11:47.653 BRT; 50765.000000; 50755.000000; 50775.000000; 50755.000000; 3621.900000; 3620.600000; 3620.000000; 3620.000000;
655; 2016-03-31 09:11:48.743 BRT; 50770.000000; 50760.000000; 50780.000000; 50755.000000; 3621.900000; 3620.600000; 3620.000000; 3620.000000;
656; 2016-03-31 09:11:49.850 BRT; 50771.000000; 50760.000000; 50780.000000; 50755.000000; 3621.900000; 3620.400000; 3620.000000; 3620.000000;
657; 2016-03-31 09:11:50.850 BRT; 50792.000000; 50780.000000; 50800.000000; 50770.000000; 3621.900000; 3620.600000; 3620.000000; 3620.000000;
658; 2016-03-31 09:11:51.922 BRT; 50784.000000; 50775.000000; 50795.000000; 50770.000000; 3622.000000; 3620.600000; 3621.000000; 3621.000000;
659; 2016-03-31 09:11:52.955 BRT; 50795.000000; 50785.000000; 50800.000000; 50780.000000; 3622.000000; 3620.600000; 3621.000000; 3621.000000;
660; 2016-03-31 09:11:54.100 BRT; 50795.000000; 50785.000000; 50800.000000; 50780.000000; 3622.500000; 3620.900000; 3621.000000; 3621.000000;
661; 2016-03-31 09:11:55.100 BRT; 50790.000000; 50780.000000; 50800.000000; 50780.000000; 3622.500000; 3620.700000; 3621.000000; 3621.000000;
662; 2016-03-31 09:11:56.196 BRT; 50800.000000; 50790.000000; 50805.000000; 50785.000000; 3622.500000; 3621.000000; 3622.000000; 3622.000000;
663; 2016-03-31 09:11:57.198 BRT; 50800.000000; 50790.000000; 50805.000000; 50790.000000; 3622.300000; 3621.000000; 3622.000000; 3622.000000;
664; 2016-03-31 09:11:58.215 BRT; 50800.000000; 50795.000000; 50810.000000; 50790.000000; 3620.500000; 3618.700000; 3620.000000; 3620.000000;
665; 2016-03-31 09:11:59.225 BRT; 50800.000000; 50790.000000; 50810.000000; 50790.000000; 3620.400000; 3618.500000; 3620.000000; 3620.000000;
666; 2016-03-31 09:12:00.413 BRT; 50790.000000; 50785.000000; 50800.000000; 50785.000000; 3620.400000; 3618.500000; 3620.000000; 3620.000000;
667; 2016-03-31 09:12:01.415 BRT; 50820.000000; 50810.000000; 50820.000000; 50810.000000; 3620.500000; 3619.700000; 3620.000000; 3620.000000;
668; 2016-03-31 09:12:02.460 BRT; 50825.000000; 50815.000000; 50830.000000; 50815.000000; 3620.500000; 3619.700000; 3620.000000; 3620.000000;
669; 2016-03-31 09:12:03.490 BRT; 50825.000000; 50813.000000; 50830.000000; 50815.000000; 3620.500000; 3619.800000; 3620.000000; 3620.000000;
670; 2016-03-31 09:12:04.666 BRT; 50820.000000; 50810.000000; 50830.000000; 50815.000000; 3620.500000; 3619.500000; 3620.000000; 3620.000000;
671; 2016-03-31 09:12:05.674 BRT; 50825.000000; 50810.000000; 50830.000000; 50815.000000; 3620.500000; 3618.600000; 3620.000000; 3620.000000;
672; 2016-03-31 09:12:06.697 BRT; 50850.000000; 50840.000000; 50860.000000; 50840.000000; 3620.200000; 3618.700000; 3620.000000; 3620.000000;
673; 2016-03-31 09:12:07.716 BRT; 50845.000000; 50840.000000; 50850.000000; 50840.000000; 3619.000000; 3618.300000; 3619.000000; 3619.000000;
674; 2016-03-31 09:12:08.887 BRT; 50848.000000; 50840.000000; 50850.000000; 50840.000000; 3619.000000; 3618.300000; 3619.000000; 3619.000000;
675; 2016-03-31 09:12:09.968 BRT; 50845.000000; 50831.000000; 50850.000000; 50840.000000; 3619.000000; 3618.000000; 3619.000000; 3619.000000;
676; 2016-03-31 09:12:11.530 BRT; 50840.000000; 50835.000000; 50850.000000; 50835.000000; 3619.000000; 3618.000000; 3619.000000; 3619.000000;
677; 2016-03-31 09:12:12.750 BRT; 50840.000000; 50835.000000; 50850.000000; 50835.000000; 3619.000000; 3618.000000; 3619.000000; 3619.000000;
678; 2016-03-31 09:12:13.750 BRT; 50830.000000; 50820.000000; 50835.000000; 50820.000000; 3619.000000; 3618.000000; 3619.000000; 3619.000000;
679; 2016-03-31 09:12:14.880 BRT; 50825.000000; 50815.000000; 50835.000000; 50815.000000; 3619.000000; 3618.000000; 3619.000000; 3619.000000;
680; 2016-03-31 09:12:15.910 BRT; 50825.000000; 50815.000000; 50830.000000; 50815.000000; 3619.000000; 3618.000000; 3619.000000; 3619.000000;
681; 2016-03-31 09:12:16.139 BRT; 50825.000000; 50810.000000; 50830.000000; 50815.000000; 3618.700000; 3617.400000; 3617.500000; 3617.500000;
682; 2016-03-31 09:12:17.244 BRT; 50825.000000; 50811.000000; 50830.000000; 50815.000000; 3618.000000; 3616.600000; 3617.500000; 3617.500000;
683; 2016-03-31 09:12:18.248 BRT; 50820.000000; 50810.000000; 50830.000000; 50815.000000; 3617.500000; 3616.000000; 3617.500000; 3617.500000;
684; 2016-03-31 09:12:19.260 BRT; 50810.000000; 50805.000000; 50830.000000; 50810.000000; 3617.400000; 3616.000000; 3617.500000; 3617.500000;
685; 2016-03-31 09:12:20.268 BRT; 50790.000000; 50785.000000; 50800.000000; 50780.000000; 3618.000000; 3617.200000; 3618.000000; 3618.000000;
686; 2016-03-31 09:12:21.282 BRT; 50800.000000; 50790.000000; 50810.000000; 50785.000000; 3618.000000; 3617.000000; 3618.000000; 3618.000000;
687; 2016-03-31 09:12:22.363 BRT; 50800.000000; 50789.000000; 50815.000000; 50785.000000; 3618.000000; 3616.700000; 3618.000000; 3618.000000;
688; 2016-03-31 09:12:23.375 BRT; 50795.000000; 50790.000000; 50800.000000; 50780.000000; 3618.000000; 3616.300000; 3618.000000; 3618.000000;
689; 2016-03-31 09:12:24.572 BRT; 50795.000000; 50790.000000; 50800.000000; 50780.000000; 3618.000000; 3616.900000; 3618.000000; 3618.000000;
690; 2016-03-31 09:12:25.653 BRT; 50790.000000; 50780.000000; 50795.000000; 50780.000000; 3617.800000; 3616.900000; 3618.000000; 3618.000000;
691; 2016-03-31 09:12:26.892 BRT; 50790.000000; 50780.000000; 50795.000000; 50780.000000; 3618.000000; 3617.500000; 3618.000000; 3618.000000;
692; 2016-03-31 09:12:27.929 BRT; 50790.000000; 50780.000000; 50795.000000; 50780.000000; 3618.000000; 3617.500000; 3618.000000; 3618.000000;
693; 2016-03-31 09:12:28.944 BRT; 50765.000000; 50760.000000; 50775.000000; 50750.000000; 3618.000000; 3617.500000; 3618.000000; 3618.000000;
694; 2016-03-31 09:12:30.520 BRT; 50770.000000; 50760.000000; 50780.000000; 50750.000000; 3618.800000; 3617.600000; 3618.000000; 3618.000000;
695; 2016-03-31 09:12:31.119 BRT; 50770.000000; 50756.000000; 50780.000000; 50750.000000; 3618.800000; 3617.700000; 3618.000000; 3618.000000;
696; 2016-03-31 09:12:32.119 BRT; 50768.000000; 50760.000000; 50775.000000; 50750.000000; 3618.800000; 3617.700000; 3618.000000; 3618.000000;
697; 2016-03-31 09:12:33.193 BRT; 50768.000000; 50757.000000; 50775.000000; 50750.000000; 3618.600000; 3617.500000; 3618.000000; 3618.000000;
698; 2016-03-31 09:12:34.389 BRT; 50770.000000; 50765.000000; 50780.000000; 50750.000000; 3618.600000; 3617.500000; 3618.000000; 3618.000000;
699; 2016-03-31 09:12:35.444 BRT; 50775.000000; 50766.000000; 50780.000000; 50755.000000; 3618.600000; 3617.500000; 3618.000000; 3618.000000;
700; 2016-03-31 09:12:36.460 BRT; 50770.000000; 50765.000000; 50780.000000; 50750.000000; 3618.500000; 3617.500000; 3618.000000; 3618.000000;
701; 2016-03-31 09:12:37.505 BRT; 50780.000000; 50770.000000; 50785.000000; 50775.000000; 3618.500000; 3617.600000; 3618.000000; 3618.000000;
702; 2016-03-31 09:12:38.512 BRT; 50780.000000; 50770.000000; 50785.000000; 50775.000000; 3618.700000; 3617.600000; 3618.000000; 3618.000000;
703; 2016-03-31 09:12:39.513 BRT; 50780.000000; 50770.000000; 50785.000000; 50775.000000; 3618.900000; 3617.600000; 3618.000000; 3618.000000;
704; 2016-03-31 09:12:40.518 BRT; 50810.000000; 50798.000000; 50820.000000; 50790.000000; 3618.600000; 3617.600000; 3618.000000; 3618.000000;
705; 2016-03-31 09:12:41.600 BRT; 50810.000000; 50797.000000; 50820.000000; 50790.000000; 3618.600000; 3617.600000; 3618.000000; 3618.000000;
706; 2016-03-31 09:12:42.716 BRT; 50810.000000; 50800.000000; 50820.000000; 50790.000000; 3619.000000; 3618.500000; 3618.000000; 3618.000000;
707; 2016-03-31 09:12:43.732 BRT; 50810.000000; 50800.000000; 50820.000000; 50790.000000; 3619.000000; 3618.500000; 3618.000000; 3618.000000;
708; 2016-03-31 09:12:44.741 BRT; 50810.000000; 50800.000000; 50820.000000; 50790.000000; 3619.000000; 3618.500000; 3618.000000; 3618.000000;
709; 2016-03-31 09:12:46.100 BRT; 50800.000000; 50790.000000; 50800.000000; 50790.000000; 3619.000000; 3618.500000; 3618.000000; 3618.000000;
710; 2016-03-31 09:12:47.190 BRT; 50825.000000; 50820.000000; 50835.000000; 50810.000000; 3619.000000; 3618.500000; 3618.000000; 3618.000000;
