id; time; WIN<BUY_ASK,qty=50>; WIN<SELL_BID,qty=50>; IND<BUY_ASK,qty=10>; IND<SELL_BID,qty=10>; WDO<BUY_ASK,qty=25>; WDO<SELL_BID,qty=25>; DOL<BUY_ASK,qty=5>; DOL<SELL_BID,qty=5>;
0; 2016-04-29 09:00:00.490 BRT; 0.000000; 0.000000; 55500.000000; 55310.000000; 0.000000; 0.000000; 0.000000; 0.000000;
1; 2016-04-29 09:00:01.282 BRT; 0.000000; 0.000000; 55500.000000; 55310.000000; 0.000000; 0.000000; 0.000000; 0.000000;
2; 2016-04-29 09:00:02.773 BRT; 0.000000; 0.000000; 55500.000000; 55310.000000; 0.000000; 0.000000; 0.000000; 0.000000;
3; 2016-04-29 09:00:03.801 BRT; 0.000000; 0.000000; 55495.000000; 55310.000000; 0.000000; 0.000000; 0.000000; 0.000000;
4; 2016-04-29 09:00:05.230 BRT; 0.000000; 0.000000; 55495.000000; 55310.000000; 0.000000; 0.000000; 0.000000; 0.000000;
5; 2016-04-29 09:00:06.813 BRT; 0.000000; 0.000000; 55495.000000; 55310.000000; 0.000000; 0.000000; 0.000000; 0.000000;
6; 2016-04-29 09:00:07.882 BRT; 0.000000; 0.000000; 55495.000000; 55310.000000; 0.000000; 0.000000; 0.000000; 0.000000;
7; 2016-04-29 09:00:09.653 BRT; 0.000000; 0.000000; 55495.000000; 55310.000000; 0.000000; 0.000000; 0.000000; 0.000000;
8; 2016-04-29 09:00:10.893 BRT; 0.000000; 0.000000; 55490.000000; 55310.000000; 0.000000; 0.000000; 0.000000; 0.000000;
9; 2016-04-29 09:00:12.203 BRT; 0.000000; 0.000000; 55490.000000; 55310.000000; 0.000000; 0.000000; 0.000000; 0.000000;
10; 2016-04-29 09:00:13.319 BRT; 0.000000; 0.000000; 55490.000000; 55310.000000; 0.000000; 0.000000; 0.000000; 0.000000;
11; 2016-04-29 09:00:14.809 BRT; 0.000000; 0.000000; 55490.000000; 55310.000000; 0.000000; 0.000000; 0.000000; 0.000000;
12; 2016-04-29 09:00:16.980 BRT; 0.000000; 0.000000; 55490.000000; 55310.000000; 0.000000; 0.000000; 0.000000; 0.000000;
13; 2016-04-29 09:00:17.229 BRT; 0.000000; 0.000000; 55485.000000; 55310.000000; 0.000000; 0.000000; 0.000000; 0.000000;
14; 2016-04-29 09:00:18.531 BRT; 0.000000; 0.000000; 55485.000000; 55310.000000; 0.000000; 0.000000; 0.000000; 0.000000;
15; 2016-04-29 09:00:19.587 BRT; 0.000000; 0.000000; 55485.000000; 55310.000000; 0.000000; 0.000000; 0.000000; 0.000000;
16; 2016-04-29 09:00:21.860 BRT; 0.000000; 0.000000; 55480.000000; 55310.000000; 0.000000; 0.000000; 0.000000; 0.000000;
17; 2016-04-29 09:00:22.322 BRT; 0.000000; 0.000000; 55480.000000; 55400.000000; 0.000000; 0.000000; 0.000000; 0.000000;
18; 2016-04-29 09:00:24.403 BRT; 0.000000; 0.000000; 55480.000000; 55400.000000; 0.000000; 0.000000; 0.000000; 0.000000;
19; 2016-04-29 09:00:26.490 BRT; 0.000000; 0.000000; 55480.000000; 55400.000000; 0.000000; 0.000000; 0.000000; 0.000000;
20; 2016-04-29 09:00:27.161 BRT; 0.000000; 0.000000; 55480.000000; 55400.000000; 0.000000; 0.000000; 0.000000; 0.000000;
21; 2016-04-29 09:00:28.196 BRT; 0.000000; 0.000000; 55480.000000; 55400.000000; 0.000000; 0.000000; 0.000000; 0.000000;
22; 2016-04-29 09:00:29.253 BRT; 0.000000; 0.000000; 55480.000000; 55400.000000; 0.000000; 0.000000; 0.000000; 0.000000;
23; 2016-04-29 09:00:30.539 BRT; 0.000000; 0.000000; 55480.000000; 55400.000000; 0.000000; 0.000000; 0.000000; 0.000000;
24; 2016-04-29 09:00:31.570 BRT; 0.000000; 0.000000; 55480.000000; 55400.000000; 0.000000; 0.000000; 0.000000; 0.000000;
25; 2016-04-29 09:00:32.815 BRT; 0.000000; 0.000000; 55480.000000; 55400.000000; 0.000000; 0.000000; 0.000000; 0.000000;
26; 2016-04-29 09:00:33.912 BRT; 0.000000; 0.000000; 55480.000000; 55400.000000; 0.000000; 0.000000; 0.000000; 0.000000;
27; 2016-04-29 09:00:34.987 BRT; 0.000000; 0.000000; 55480.000000; 55400.000000; 0.000000; 0.000000; 0.000000; 0.000000;
28; 2016-04-29 09:00:36.847 BRT; 0.000000; 0.000000; 55480.000000; 55400.000000; 0.000000; 0.000000; 0.000000; 0.000000;
29; 2016-04-29 09:00:38.182 BRT; 0.000000; 0.000000; 55480.000000; 55400.000000; 0.000000; 0.000000; 0.000000; 0.000000;
30; 2016-04-29 09:00:39.417 BRT; 0.000000; 0.000000; 55480.000000; 55400.000000; 0.000000; 0.000000; 0.000000; 0.000000;
31; 2016-04-29 09:00:40.464 BRT; 0.000000; 0.000000; 55480.000000; 55400.000000; 0.000000; 0.000000; 0.000000; 0.000000;
32; 2016-04-29 09:00:41.469 BRT; 0.000000; 0.000000; 55480.000000; 55400.000000; 0.000000; 0.000000; 0.000000; 0.000000;
33; 2016-04-29 09:00:42.668 BRT; 0.000000; 0.000000; 55480.000000; 55400.000000; 0.000000; 0.000000; 0.000000; 0.000000;
34; 2016-04-29 09:00:43.861 BRT; 55345.000000; 55335.000000; 55480.000000; 55400.000000; 0.000000; 0.000000; 0.000000; 0.000000;
35; 2016-04-29 09:00:44.921 BRT; 55370.000000; 55340.000000; 55480.000000; 55400.000000; 0.000000; 0.000000; 0.000000; 0.000000;
36; 2016-04-29 09:00:45.922 BRT; 55360.000000; 55341.000000; 55480.000000; 55400.000000; 0.000000; 0.000000; 0.000000; 0.000000;
37; 2016-04-29 09:00:46.938 BRT; 55395.000000; 55366.000000; 55480.000000; 55400.000000; 0.000000; 0.000000; 0.000000; 0.000000;
38; 2016-04-29 09:00:47.972 BRT; 55422.000000; 55378.000000; 55480.000000; 55400.000000; 0.000000; 0.000000; 0.000000; 0.000000;
39; 2016-04-29 09:00:48.986 BRT; 55435.000000; 55383.000000; 55480.000000; 55400.000000; 0.000000; 0.000000; 0.000000; 0.000000;
40; 2016-04-29 09:00:49.988 BRT; 55435.000000; 55370.000000; 55480.000000; 55400.000000; 3503.200000; 3501.200000; 0.000000; 0.000000;
41; 2016-04-29 09:00:50.996 BRT; 55435.000000; 55375.000000; 55480.000000; 55400.000000; 3502.800000; 3501.000000; 0.000000; 0.000000;
42; 2016-04-29 09:00:52.600 BRT; 55420.000000; 55384.000000; 55480.000000; 55400.000000; 3502.500000; 3501.000000; 0.000000; 0.000000;
43; 2016-04-29 09:00:53.114 BRT; 55418.000000; 55365.000000; 55480.000000; 55400.000000; 3500.000000; 3498.300000; 0.000000; 0.000000;
44; 2016-04-29 09:00:54.126 BRT; 55419.000000; 55393.000000; 55480.000000; 55400.000000; 3501.000000; 3498.900000; 0.000000; 0.000000;
45; 2016-04-29 09:00:55.146 BRT; 55400.000000; 55387.000000; 55480.000000; 55400.000000; 3501.000000; 3498.300000; 0.000000; 0.000000;
46; 2016-04-29 09:00:56.245 BRT; 55412.000000; 55387.000000; 55480.000000; 55400.000000; 3501.000000; 3498.100000; 0.000000; 0.000000;
47; 2016-04-29 09:00:57.252 BRT; 55408.000000; 55375.000000; 55480.000000; 55400.000000; 3498.200000; 3495.900000; 3496.500000; 3496.000000;
48; 2016-04-29 09:00:58.274 BRT; 55412.000000; 55374.000000; 55480.000000; 55400.000000; 3496.600000; 3495.500000; 3495.500000; 3495.000000;
49; 2016-04-29 09:00:59.276 BRT; 55405.000000; 55390.000000; 55480.000000; 55400.000000; 3496.900000; 3495.500000; 3495.500000; 3495.000000;
50; 2016-04-29 09:01:00.351 BRT; 55431.000000; 55378.000000; 55480.000000; 55400.000000; 3496.900000; 3495.600000; 3495.500000; 3495.000000;
51; 2016-04-29 09:01:01.364 BRT; 55430.000000; 55405.000000; 55480.000000; 55400.000000; 3496.900000; 3495.700000; 3495.500000; 3495.000000;
52; 2016-04-29 09:01:02.378 BRT; 55429.000000; 55405.000000; 55480.000000; 55400.000000; 3497.000000; 3495.600000; 3495.500000; 3495.000000;
53; 2016-04-29 09:01:03.437 BRT; 55420.000000; 55385.000000; 55480.000000; 55400.000000; 3497.200000; 3495.500000; 3495.500000; 3495.000000;
54; 2016-04-29 09:01:04.541 BRT; 55417.000000; 55382.000000; 55480.000000; 55400.000000; 3497.200000; 3495.500000; 3495.500000; 3495.000000;
55; 2016-04-29 09:01:05.609 BRT; 55420.000000; 55390.000000; 55480.000000; 55400.000000; 3497.200000; 3495.500000; 3495.500000; 3495.000000;
56; 2016-04-29 09:01:06.636 BRT; 55415.000000; 55390.000000; 55480.000000; 55400.000000; 3496.000000; 3495.500000; 3495.500000; 3495.000000;
57; 2016-04-29 09:01:07.638 BRT; 55420.000000; 55415.000000; 55480.000000; 55400.000000; 3496.000000; 3495.500000; 3495.500000; 3495.000000;
58; 2016-04-29 09:01:08.693 BRT; 55428.000000; 55409.000000; 55480.000000; 55400.000000; 3496.000000; 3495.400000; 3495.500000; 3495.000000;
59; 2016-04-29 09:01:09.747 BRT; 55425.000000; 55405.000000; 55480.000000; 55400.000000; 3496.000000; 3495.200000; 3495.500000; 3495.000000;
60; 2016-04-29 09:01:10.747 BRT; 55429.000000; 55405.000000; 55480.000000; 55400.000000; 3496.000000; 3495.200000; 3495.500000; 3495.000000;
61; 2016-04-29 09:01:11.837 BRT; 55430.000000; 55420.000000; 55480.000000; 55400.000000; 3496.600000; 3495.000000; 3496.000000; 3495.000000;
62; 2016-04-29 09:01:12.939 BRT; 55438.000000; 55420.000000; 55480.000000; 55400.000000; 3496.600000; 3495.200000; 3496.000000; 3495.000000;
63; 2016-04-29 09:01:13.964 BRT; 55425.000000; 55417.000000; 55480.000000; 55400.000000; 3497.000000; 3495.700000; 3496.000000; 3495.000000;
64; 2016-04-29 09:01:14.978 BRT; 55425.000000; 55417.000000; 55480.000000; 55400.000000; 3497.900000; 3495.300000; 3496.500000; 3495.000000;
65; 2016-04-29 09:01:15.989 BRT; 55420.000000; 55397.000000; 55480.000000; 55400.000000; 3497.900000; 3495.400000; 3496.000000; 3495.000000;
66; 2016-04-29 09:01:17.390 BRT; 55425.000000; 55410.000000; 55480.000000; 55400.000000; 3496.500000; 3495.300000; 3496.000000; 3495.000000;
67; 2016-04-29 09:01:18.555 BRT; 55420.000000; 55396.000000; 55480.000000; 55400.000000; 3496.500000; 3496.000000; 3496.000000; 3495.000000;
68; 2016-04-29 09:01:19.555 BRT; 55412.000000; 55390.000000; 55480.000000; 55400.000000; 3495.600000; 3494.600000; 3495.500000; 3493.500000;
69; 2016-04-29 09:01:20.750 BRT; 55410.000000; 55395.000000; 55480.000000; 55400.000000; 3495.500000; 3494.100000; 3495.000000; 3493.000000;
70; 2016-04-29 09:01:21.756 BRT; 55415.000000; 55397.000000; 55480.000000; 55400.000000; 3494.900000; 3493.300000; 3493.500000; 3493.000000;
71; 2016-04-29 09:01:22.801 BRT; 55405.000000; 55400.000000; 55480.000000; 55400.000000; 3494.100000; 3492.200000; 3493.000000; 3492.000000;
72; 2016-04-29 09:01:23.802 BRT; 55405.000000; 55390.000000; 55480.000000; 55400.000000; 3494.300000; 3491.900000; 3493.000000; 3492.000000;
73; 2016-04-29 09:01:24.814 BRT; 55390.000000; 55380.000000; 55480.000000; 55400.000000; 3493.500000; 3491.500000; 3493.000000; 3492.000000;
74; 2016-04-29 09:01:25.869 BRT; 55390.000000; 55380.000000; 55480.000000; 55400.000000; 3493.200000; 3491.500000; 3493.000000; 3492.000000;
75; 2016-04-29 09:01:26.883 BRT; 55384.000000; 55366.000000; 55480.000000; 55400.000000; 3494.200000; 3492.300000; 3493.500000; 3493.000000;
76; 2016-04-29 09:01:27.909 BRT; 55385.000000; 55365.000000; 55480.000000; 55400.000000; 3494.200000; 3492.400000; 3493.500000; 3493.000000;
77; 2016-04-29 09:01:28.919 BRT; 55365.000000; 55355.000000; 55480.000000; 55400.000000; 3494.200000; 3492.600000; 3493.500000; 3493.000000;
78; 2016-04-29 09:01:29.991 BRT; 55365.000000; 55346.000000; 55480.000000; 55400.000000; 3493.700000; 3491.800000; 3493.000000; 3491.500000;
79; 2016-04-29 09:01:31.800 BRT; 55350.000000; 55345.000000; 55480.000000; 55400.000000; 3493.200000; 3491.600000; 3492.500000; 3491.500000;
80; 2016-04-29 09:01:32.780 BRT; 55349.000000; 55327.000000; 55480.000000; 55400.000000; 3493.200000; 3491.600000; 3492.500000; 3492.000000;
81; 2016-04-29 09:01:33.990 BRT; 55349.000000; 55327.000000; 55480.000000; 55400.000000; 3493.100000; 3491.500000; 3492.500000; 3491.500000;
82; 2016-04-29 09:01:34.990 BRT; 55340.000000; 55324.000000; 55480.000000; 55400.000000; 3493.300000; 3491.500000; 3492.500000; 3491.500000;
83; 2016-04-29 09:01:35.168 BRT; 55345.000000; 55333.000000; 55480.000000; 55400.000000; 3493.300000; 3491.500000; 3492.500000; 3491.500000;
84; 2016-04-29 09:01:36.262 BRT; 55346.000000; 55330.000000; 55480.000000; 55400.000000; 3493.300000; 3491.500000; 3492.500000; 3491.500000;
85; 2016-04-29 09:01:37.274 BRT; 55347.000000; 55330.000000; 55480.000000; 55400.000000; 3493.300000; 3491.500000; 3492.500000; 3491.500000;
86; 2016-04-29 09:01:38.296 BRT; 55345.000000; 55330.000000; 55480.000000; 55400.000000; 3493.300000; 3491.500000; 3492.500000; 3491.500000;
87; 2016-04-29 09:01:39.341 BRT; 55347.000000; 55330.000000; 55480.000000; 55400.000000; 3493.700000; 3491.000000; 3492.000000; 3490.000000;
88; 2016-04-29 09:01:40.528 BRT; 55355.000000; 55331.000000; 55480.000000; 55400.000000; 3493.300000; 3491.000000; 3492.000000; 3490.000000;
89; 2016-04-29 09:01:41.622 BRT; 55355.000000; 55335.000000; 55480.000000; 55400.000000; 3493.700000; 3491.000000; 3492.000000; 3490.000000;
90; 2016-04-29 09:01:42.643 BRT; 55357.000000; 55345.000000; 55480.000000; 55400.000000; 3494.000000; 3491.200000; 3492.000000; 3490.000000;
91; 2016-04-29 09:01:43.667 BRT; 55359.000000; 55347.000000; 55480.000000; 55400.000000; 3493.600000; 3490.800000; 3492.000000; 3490.000000;
92; 2016-04-29 09:01:44.814 BRT; 55360.000000; 55350.000000; 55480.000000; 55400.000000; 3493.600000; 3490.800000; 3492.000000; 3490.000000;
93; 2016-04-29 09:01:45.838 BRT; 55365.000000; 55355.000000; 55480.000000; 55400.000000; 3493.600000; 3491.500000; 3492.000000; 3490.000000;
94; 2016-04-29 09:01:46.845 BRT; 55370.000000; 55365.000000; 55480.000000; 55400.000000; 3493.800000; 3491.500000; 3492.500000; 3490.500000;
95; 2016-04-29 09:01:47.869 BRT; 55370.000000; 55364.000000; 55480.000000; 55400.000000; 3493.200000; 3491.500000; 3492.000000; 3491.000000;
96; 2016-04-29 09:01:48.904 BRT; 55411.000000; 55394.000000; 55480.000000; 55400.000000; 3493.800000; 3491.500000; 3492.000000; 3491.000000;
97; 2016-04-29 09:01:49.969 BRT; 55385.000000; 55365.000000; 55480.000000; 55400.000000; 3493.600000; 3491.500000; 3492.000000; 3491.000000;
98; 2016-04-29 09:01:51.200 BRT; 55380.000000; 55359.000000; 55480.000000; 55400.000000; 3493.600000; 3491.500000; 3492.000000; 3491.000000;
99; 2016-04-29 09:01:52.470 BRT; 55380.000000; 55363.000000; 55480.000000; 55400.000000; 3494.000000; 3491.500000; 3492.000000; 3491.000000;
100; 2016-04-29 09:01:53.121 BRT; 55360.000000; 55355.000000; 55480.000000; 55400.000000; 3493.400000; 3491.700000; 3492.000000; 3491.000000;
101; 2016-04-29 09:01:54.275 BRT; 55369.000000; 55359.000000; 55480.000000; 55400.000000; 3493.400000; 3491.700000; 3492.000000; 3491.000000;
102; 2016-04-29 09:01:55.314 BRT; 55359.000000; 55350.000000; 55480.000000; 55400.000000; 3492.600000; 3491.500000; 3492.000000; 3491.000000;
103; 2016-04-29 09:01:56.355 BRT; 55350.000000; 55339.000000; 55480.000000; 55400.000000; 3492.600000; 3491.500000; 3492.000000; 3491.000000;
104; 2016-04-29 09:01:57.379 BRT; 55335.000000; 55316.000000; 55480.000000; 55400.000000; 3492.900000; 3491.500000; 3492.000000; 3491.000000;
105; 2016-04-29 09:01:58.480 BRT; 55325.000000; 55309.000000; 55480.000000; 55400.000000; 3492.800000; 3491.500000; 3492.000000; 3491.000000;
106; 2016-04-29 09:01:59.550 BRT; 55330.000000; 55315.000000; 55480.000000; 55400.000000; 3492.900000; 3491.500000; 3492.000000; 3491.000000;
107; 2016-04-29 09:02:00.551 BRT; 55339.000000; 55325.000000; 55480.000000; 55400.000000; 3491.000000; 3490.000000; 3490.500000; 3489.000000;
108; 2016-04-29 09:02:01.575 BRT; 55330.000000; 55315.000000; 55480.000000; 55400.000000; 3492.000000; 3490.000000; 3490.500000; 3489.000000;
109; 2016-04-29 09:02:02.619 BRT; 55330.000000; 55319.000000; 55480.000000; 55400.000000; 3491.700000; 3490.000000; 3490.000000; 3489.000000;
110; 2016-04-29 09:02:03.643 BRT; 55333.000000; 55310.000000; 55480.000000; 55400.000000; 3490.900000; 3490.000000; 3489.500000; 3489.000000;
111; 2016-04-29 09:02:04.660 BRT; 55335.000000; 55308.000000; 55480.000000; 55400.000000; 3491.000000; 3490.000000; 3489.500000; 3489.000000;
112; 2016-04-29 09:02:05.686 BRT; 55320.000000; 55298.000000; 55480.000000; 55400.000000; 3491.000000; 3490.200000; 3489.500000; 3489.000000;
113; 2016-04-29 09:02:06.697 BRT; 55315.000000; 55293.000000; 55480.000000; 55400.000000; 3491.000000; 3490.200000; 3489.500000; 3489.000000;
114; 2016-04-29 09:02:07.802 BRT; 55307.000000; 55284.000000; 55480.000000; 55400.000000; 3491.000000; 3490.300000; 3489.500000; 3489.000000;
115; 2016-04-29 09:02:08.808 BRT; 55295.000000; 55280.000000; 55480.000000; 55400.000000; 3490.500000; 3490.000000; 3489.500000; 3489.000000;
116; 2016-04-29 09:02:09.819 BRT; 55296.000000; 55279.000000; 55480.000000; 55400.000000; 3490.000000; 3489.000000; 3489.500000; 3489.000000;
117; 2016-04-29 09:02:10.835 BRT; 55285.000000; 55265.000000; 55480.000000; 55400.000000; 3491.000000; 3488.900000; 3489.500000; 3488.000000;
118; 2016-04-29 09:02:11.844 BRT; 55256.000000; 55226.000000; 55480.000000; 55400.000000; 3491.800000; 3490.000000; 3491.000000; 3490.000000;
119; 2016-04-29 09:02:12.962 BRT; 55276.000000; 55255.000000; 55480.000000; 55400.000000; 3491.800000; 3490.000000; 3491.000000; 3490.000000;
120; 2016-04-29 09:02:13.962 BRT; 55286.000000; 55265.000000; 55480.000000; 55400.000000; 3491.700000; 3489.600000; 3490.500000; 3488.500000;
121; 2016-04-29 09:02:14.967 BRT; 55297.000000; 55278.000000; 55480.000000; 55400.000000; 3492.000000; 3489.600000; 3490.500000; 3488.500000;
122; 2016-04-29 09:02:15.995 BRT; 55300.000000; 55276.000000; 55480.000000; 55400.000000; 3491.000000; 3489.000000; 3490.000000; 3488.000000;
123; 2016-04-29 09:02:17.120 BRT; 55307.000000; 55298.000000; 55480.000000; 55400.000000; 3491.000000; 3489.000000; 3489.500000; 3488.000000;
124; 2016-04-29 09:02:18.790 BRT; 55306.000000; 55287.000000; 55480.000000; 55400.000000; 3491.000000; 3489.000000; 3489.500000; 3488.000000;
125; 2016-04-29 09:02:19.790 BRT; 55295.000000; 55270.000000; 55480.000000; 55400.000000; 3491.100000; 3489.000000; 3489.500000; 3488.000000;
126; 2016-04-29 09:02:20.950 BRT; 55302.000000; 55284.000000; 55480.000000; 55400.000000; 3491.100000; 3489.000000; 3489.000000; 3488.000000;
127; 2016-04-29 09:02:21.129 BRT; 55285.000000; 55265.000000; 55480.000000; 55400.000000; 3491.000000; 3489.200000; 3490.500000; 3488.500000;
128; 2016-04-29 09:02:22.232 BRT; 55281.000000; 55260.000000; 55480.000000; 55400.000000; 3491.000000; 3488.500000; 3489.500000; 3488.500000;
129; 2016-04-29 09:02:23.239 BRT; 55280.000000; 55262.000000; 55480.000000; 55400.000000; 3491.000000; 3488.700000; 3489.500000; 3488.000000;
130; 2016-04-29 09:02:24.278 BRT; 55296.000000; 55270.000000; 55480.000000; 55400.000000; 3491.000000; 3489.500000; 3489.500000; 3488.000000;
131; 2016-04-29 09:02:25.287 BRT; 55298.000000; 55271.000000; 55480.000000; 55400.000000; 3490.500000; 3489.500000; 3489.500000; 3488.000000;
132; 2016-04-29 09:02:26.383 BRT; 55298.000000; 55280.000000; 55480.000000; 55400.000000; 3490.500000; 3489.600000; 3489.500000; 3488.500000;
133; 2016-04-29 09:02:27.387 BRT; 55298.000000; 55285.000000; 55480.000000; 55400.000000; 3490.000000; 3489.500000; 3489.000000; 3488.500000;
134; 2016-04-29 09:02:28.461 BRT; 55308.000000; 55295.000000; 55480.000000; 55400.000000; 3490.000000; 3489.500000; 3489.000000; 3488.000000;
135; 2016-04-29 09:02:29.731 BRT; 55300.000000; 55287.000000; 55480.000000; 55400.000000; 3490.000000; 3489.500000; 3489.000000; 3488.000000;
136; 2016-04-29 09:02:30.746 BRT; 55290.000000; 55285.000000; 55480.000000; 55400.000000; 3489.600000; 3488.200000; 3489.000000; 3488.000000;
137; 2016-04-29 09:02:31.778 BRT; 55292.000000; 55285.000000; 55480.000000; 55400.000000; 3489.500000; 3488.300000; 3489.000000; 3488.000000;
138; 2016-04-29 09:02:32.798 BRT; 55309.000000; 55290.000000; 55480.000000; 55400.000000; 3489.500000; 3488.100000; 3489.500000; 3488.000000;
139; 2016-04-29 09:02:33.826 BRT; 55309.000000; 55300.000000; 55480.000000; 55400.000000; 3489.500000; 3488.300000; 3490.000000; 3488.000000;
140; 2016-04-29 09:02:34.991 BRT; 55310.000000; 55300.000000; 55480.000000; 55400.000000; 3489.500000; 3488.400000; 3490.000000; 3488.000000;
141; 2016-04-29 09:02:36.300 BRT; 55310.000000; 55305.000000; 55480.000000; 55400.000000; 3489.000000; 3488.000000; 3490.000000; 3488.000000;
142; 2016-04-29 09:02:37.127 BRT; 55310.000000; 55305.000000; 55480.000000; 55400.000000; 3489.500000; 3488.000000; 3489.500000; 3488.000000;
143; 2016-04-29 09:02:38.188 BRT; 55315.000000; 55310.000000; 55480.000000; 55400.000000; 3489.500000; 3488.000000; 3490.000000; 3488.000000;
144; 2016-04-29 09:02:39.298 BRT; 55315.000000; 55305.000000; 55480.000000; 55400.000000; 3489.500000; 3488.000000; 3489.500000; 3488.000000;
145; 2016-04-29 09:02:40.353 BRT; 55315.000000; 55305.000000; 55480.000000; 55400.000000; 3489.500000; 3488.000000; 3490.000000; 3488.000000;
146; 2016-04-29 09:02:41.372 BRT; 55317.000000; 55305.000000; 55480.000000; 55400.000000; 3489.900000; 3488.100000; 3489.500000; 3489.000000;
147; 2016-04-29 09:02:42.638 BRT; 55327.000000; 55315.000000; 55480.000000; 55400.000000; 3489.000000; 3488.200000; 3489.000000; 3488.000000;
148; 2016-04-29 09:02:43.725 BRT; 55355.000000; 55332.000000; 55480.000000; 55400.000000; 3489.000000; 3488.200000; 3489.000000; 3488.000000;
149; 2016-04-29 09:02:44.916 BRT; 55357.000000; 55335.000000; 55480.000000; 55400.000000; 3489.000000; 3488.200000; 3489.500000; 3488.000000;
150; 2016-04-29 09:02:46.400 BRT; 55335.000000; 55320.000000; 55480.000000; 55400.000000; 3489.000000; 3488.200000; 3489.500000; 3488.000000;
151; 2016-04-29 09:02:47.630 BRT; 55335.000000; 55316.000000; 55480.000000; 55400.000000; 3488.500000; 3487.900000; 3489.500000; 3488.000000;
152; 2016-04-29 09:02:48.106 BRT; 55346.000000; 55330.000000; 55375.000000; 55325.000000; 3488.500000; 3487.900000; 3489.000000; 3488.000000;
153; 2016-04-29 09:02:49.218 BRT; 55346.000000; 55325.000000; 55360.000000; 55325.000000; 3488.500000; 3487.900000; 3489.000000; 3488.000000;
154; 2016-04-29 09:02:50.237 BRT; 55357.000000; 55325.000000; 55360.000000; 55325.000000; 3488.300000; 3487.500000; 3489.000000; 3488.000000;
155; 2016-04-29 09:02:51.270 BRT; 55359.000000; 55325.000000; 55355.000000; 55325.000000; 3488.000000; 3487.500000; 3488.500000; 3488.000000;
156; 2016-04-29 09:02:52.272 BRT; 55345.000000; 55320.000000; 55350.000000; 55325.000000; 3487.300000; 3486.000000; 3487.000000; 3486.000000;
157; 2016-04-29 09:02:53.295 BRT; 55335.000000; 55317.000000; 55350.000000; 55310.000000; 3488.000000; 3486.000000; 3488.500000; 3488.000000;
158; 2016-04-29 09:02:54.312 BRT; 55335.000000; 55317.000000; 55350.000000; 55310.000000; 3488.000000; 3486.200000; 3488.500000; 3487.000000;
159; 2016-04-29 09:02:55.397 BRT; 55335.000000; 55313.000000; 55350.000000; 55310.000000; 3488.800000; 3488.000000; 3489.000000; 3488.000000;
160; 2016-04-29 09:02:56.406 BRT; 55335.000000; 55311.000000; 55350.000000; 55310.000000; 3488.800000; 3488.000000; 3489.000000; 3488.000000;
161; 2016-04-29 09:02:57.407 BRT; 55335.000000; 55320.000000; 55350.000000; 55310.000000; 3491.500000; 3490.500000; 3489.000000; 3488.500000;
162; 2016-04-29 09:02:58.515 BRT; 55350.000000; 55333.000000; 55350.000000; 55315.000000; 3489.900000; 3487.900000; 3488.000000; 3487.500000;
163; 2016-04-29 09:02:59.515 BRT; 55369.000000; 55350.000000; 55400.000000; 55325.000000; 3490.000000; 3488.000000; 3489.500000; 3487.500000;
164; 2016-04-29 09:03:00.600 BRT; 55364.000000; 55344.000000; 55400.000000; 55325.000000; 3490.000000; 3488.000000; 3489.500000; 3488.000000;
165; 2016-04-29 09:03:01.612 BRT; 55366.000000; 55344.000000; 55400.000000; 55325.000000; 3490.000000; 3488.000000; 3489.000000; 3488.000000;
166; 2016-04-29 09:03:02.646 BRT; 55366.000000; 55350.000000; 55395.000000; 55325.000000; 3490.000000; 3489.500000; 3489.000000; 3488.000000;
167; 2016-04-29 09:03:03.776 BRT; 55386.000000; 55361.000000; 55405.000000; 55345.000000; 3490.000000; 3489.500000; 3489.000000; 3488.000000;
168; 2016-04-29 09:03:04.827 BRT; 55400.000000; 55371.000000; 55415.000000; 55355.000000; 3489.900000; 3488.000000; 3489.500000; 3488.000000;
169; 2016-04-29 09:03:05.833 BRT; 55400.000000; 55385.000000; 55415.000000; 55355.000000; 3489.900000; 3488.200000; 3489.500000; 3488.000000;
170; 2016-04-29 09:03:06.867 BRT; 55403.000000; 55385.000000; 55420.000000; 55355.000000; 3489.800000; 3488.000000; 3489.000000; 3488.000000;
171; 2016-04-29 09:03:07.901 BRT; 55409.000000; 55390.000000; 55420.000000; 55370.000000; 3490.000000; 3488.500000; 3489.500000; 3488.500000;
172; 2016-04-29 09:03:08.953 BRT; 55410.000000; 55395.000000; 55420.000000; 55390.000000; 3490.000000; 3488.500000; 3489.500000; 3488.500000;
173; 2016-04-29 09:03:10.300 BRT; 55390.000000; 55370.000000; 55415.000000; 55340.000000; 3490.000000; 3488.500000; 3489.500000; 3488.500000;
174; 2016-04-29 09:03:11.330 BRT; 55399.000000; 55375.000000; 55415.000000; 55340.000000; 3490.000000; 3488.500000; 3489.500000; 3488.500000;
175; 2016-04-29 09:03:12.730 BRT; 55383.000000; 55369.000000; 55400.000000; 55320.000000; 3490.000000; 3488.500000; 3489.500000; 3488.500000;
176; 2016-04-29 09:03:13.740 BRT; 55384.000000; 55368.000000; 55400.000000; 55330.000000; 3489.500000; 3488.500000; 3489.500000; 3488.500000;
177; 2016-04-29 09:03:14.740 BRT; 55370.000000; 55364.000000; 55400.000000; 55325.000000; 3489.500000; 3489.000000; 3489.500000; 3488.000000;
178; 2016-04-29 09:03:15.980 BRT; 55370.000000; 55360.000000; 55395.000000; 55320.000000; 3489.500000; 3489.000000; 3489.500000; 3488.000000;
179; 2016-04-29 09:03:16.349 BRT; 55368.000000; 55355.000000; 55395.000000; 55320.000000; 3490.000000; 3488.600000; 3489.500000; 3488.500000;
180; 2016-04-29 09:03:17.362 BRT; 55364.000000; 55349.000000; 55395.000000; 55320.000000; 3490.000000; 3488.600000; 3489.500000; 3488.500000;
181; 2016-04-29 09:03:18.393 BRT; 55365.000000; 55350.000000; 55395.000000; 55320.000000; 3489.800000; 3488.500000; 3489.500000; 3488.500000;
182; 2016-04-29 09:03:19.508 BRT; 55370.000000; 55355.000000; 55395.000000; 55320.000000; 3490.000000; 3488.500000; 3489.500000; 3488.500000;
183; 2016-04-29 09:03:20.632 BRT; 55370.000000; 55350.000000; 55395.000000; 55320.000000; 3490.000000; 3488.700000; 3489.500000; 3489.000000;
184; 2016-04-29 09:03:21.650 BRT; 55375.000000; 55360.000000; 55395.000000; 55340.000000; 3489.900000; 3488.500000; 3489.500000; 3488.500000;
185; 2016-04-29 09:03:22.687 BRT; 55375.000000; 55359.000000; 55395.000000; 55330.000000; 3490.000000; 3489.000000; 3490.000000; 3489.500000;
186; 2016-04-29 09:03:24.500 BRT; 55376.000000; 55359.000000; 55395.000000; 55330.000000; 3490.200000; 3489.000000; 3490.000000; 3489.500000;
187; 2016-04-29 09:03:25.140 BRT; 55376.000000; 55358.000000; 55395.000000; 55330.000000; 3490.300000; 3489.500000; 3490.500000; 3489.500000;
188; 2016-04-29 09:03:26.790 BRT; 55385.000000; 55365.000000; 55395.000000; 55340.000000; 3491.000000; 3489.500000; 3491.000000; 3489.500000;
189; 2016-04-29 09:03:27.121 BRT; 55355.000000; 55340.000000; 55365.000000; 55330.000000; 3491.300000; 3490.000000; 3491.000000; 3489.500000;
190; 2016-04-29 09:03:28.204 BRT; 55350.000000; 55334.000000; 55365.000000; 55330.000000; 3491.300000; 3490.000000; 3491.000000; 3489.500000;
191; 2016-04-29 09:03:29.209 BRT; 55355.000000; 55334.000000; 55365.000000; 55330.000000; 3491.300000; 3490.000000; 3491.000000; 3489.500000;
192; 2016-04-29 09:03:30.406 BRT; 55354.000000; 55335.000000; 55365.000000; 55330.000000; 3489.600000; 3488.300000; 3490.500000; 3488.000000;
193; 2016-04-29 09:03:31.432 BRT; 55354.000000; 55335.000000; 55365.000000; 55330.000000; 3489.300000; 3488.100000; 3490.000000; 3487.500000;
194; 2016-04-29 09:03:32.587 BRT; 55354.000000; 55335.000000; 55365.000000; 55330.000000; 3490.200000; 3488.100000; 3490.000000; 3487.500000;
195; 2016-04-29 09:03:33.674 BRT; 55360.000000; 55343.000000; 55365.000000; 55330.000000; 3490.500000; 3488.300000; 3490.500000; 3488.500000;
196; 2016-04-29 09:03:34.706 BRT; 55360.000000; 55343.000000; 55365.000000; 55330.000000; 3490.700000; 3488.200000; 3490.500000; 3488.000000;
197; 2016-04-29 09:03:35.803 BRT; 55360.000000; 55343.000000; 55365.000000; 55330.000000; 3490.100000; 3488.000000; 3490.500000; 3488.000000;
198; 2016-04-29 09:03:36.808 BRT; 55359.000000; 55343.000000; 55365.000000; 55330.000000; 3490.100000; 3488.600000; 3491.000000; 3489.000000;
199; 2016-04-29 09:03:38.202 BRT; 55359.000000; 55340.000000; 55365.000000; 55330.000000; 3489.700000; 3488.300000; 3490.000000; 3487.500000;
200; 2016-04-29 09:03:39.249 BRT; 55363.000000; 55343.000000; 55365.000000; 55330.000000; 3490.200000; 3488.200000; 3490.000000; 3488.000000;
201; 2016-04-29 09:03:40.326 BRT; 55364.000000; 55343.000000; 55365.000000; 55330.000000; 3490.100000; 3488.300000; 3490.500000; 3488.500000;
202; 2016-04-29 09:03:41.344 BRT; 55338.000000; 55325.000000; 55330.000000; 55325.000000; 3490.200000; 3488.300000; 3490.500000; 3488.500000;
203; 2016-04-29 09:03:42.468 BRT; 55337.000000; 55325.000000; 55330.000000; 55310.000000; 3490.000000; 3488.300000; 3490.500000; 3488.500000;
204; 2016-04-29 09:03:43.496 BRT; 55340.000000; 55325.000000; 55330.000000; 55310.000000; 3489.500000; 3488.300000; 3490.500000; 3488.500000;
205; 2016-04-29 09:03:44.746 BRT; 55340.000000; 55325.000000; 55330.000000; 55310.000000; 3489.500000; 3488.500000; 3490.500000; 3489.000000;
206; 2016-04-29 09:03:45.769 BRT; 55340.000000; 55325.000000; 55330.000000; 55310.000000; 3490.000000; 3488.500000; 3490.500000; 3489.000000;
207; 2016-04-29 09:03:46.899 BRT; 55339.000000; 55325.000000; 55330.000000; 55310.000000; 3489.700000; 3488.100000; 3489.500000; 3488.000000;
208; 2016-04-29 09:03:48.260 BRT; 55339.000000; 55321.000000; 55330.000000; 55310.000000; 3489.800000; 3488.100000; 3489.500000; 3488.000000;
209; 2016-04-29 09:03:49.490 BRT; 55325.000000; 55310.000000; 55330.000000; 55310.000000; 3489.800000; 3488.900000; 3489.500000; 3488.000000;
210; 2016-04-29 09:03:50.560 BRT; 55320.000000; 55306.000000; 55330.000000; 55310.000000; 3490.000000; 3488.900000; 3490.000000; 3489.000000;
211; 2016-04-29 09:03:51.136 BRT; 55312.000000; 55295.000000; 55325.000000; 55275.000000; 3490.000000; 3488.900000; 3490.000000; 3489.000000;
212; 2016-04-29 09:03:52.247 BRT; 55295.000000; 55276.000000; 55325.000000; 55260.000000; 3490.000000; 3489.000000; 3490.000000; 3489.000000;
213; 2016-04-29 09:03:53.289 BRT; 55308.000000; 55285.000000; 55325.000000; 55275.000000; 3490.000000; 3489.000000; 3490.000000; 3489.000000;
214; 2016-04-29 09:03:54.364 BRT; 55310.000000; 55294.000000; 55325.000000; 55275.000000; 3490.000000; 3489.000000; 3490.000000; 3489.000000;
215; 2016-04-29 09:03:55.432 BRT; 55306.000000; 55290.000000; 55325.000000; 55275.000000; 3490.000000; 3489.000000; 3490.000000; 3489.000000;
216; 2016-04-29 09:03:56.473 BRT; 55307.000000; 55290.000000; 55325.000000; 55275.000000; 3490.000000; 3489.000000; 3490.000000; 3489.000000;
217; 2016-04-29 09:03:57.523 BRT; 55307.000000; 55290.000000; 55325.000000; 55275.000000; 3490.000000; 3489.000000; 3490.000000; 3489.000000;
218; 2016-04-29 09:03:58.560 BRT; 55307.000000; 55290.000000; 55325.000000; 55280.000000; 3490.000000; 3489.000000; 3490.000000; 3489.000000;
219; 2016-04-29 09:03:59.573 BRT; 55314.000000; 55295.000000; 55325.000000; 55280.000000; 3490.400000; 3489.000000; 3490.000000; 3489.000000;
220; 2016-04-29 09:04:00.688 BRT; 55310.000000; 55291.000000; 55325.000000; 55280.000000; 3490.400000; 3489.000000; 3490.000000; 3489.000000;
221; 2016-04-29 09:04:01.745 BRT; 55305.000000; 55290.000000; 55315.000000; 55280.000000; 3490.800000; 3489.000000; 3490.000000; 3489.000000;
222; 2016-04-29 09:04:03.140 BRT; 55311.000000; 55295.000000; 55315.000000; 55280.000000; 3490.800000; 3489.400000; 3490.000000; 3489.000000;
223; 2016-04-29 09:04:04.440 BRT; 55311.000000; 55300.000000; 55315.000000; 55280.000000; 3490.700000; 3489.600000; 3490.000000; 3489.000000;
224; 2016-04-29 09:04:05.278 BRT; 55311.000000; 55300.000000; 55315.000000; 55280.000000; 3490.700000; 3489.600000; 3490.000000; 3489.000000;
225; 2016-04-29 09:04:06.308 BRT; 55305.000000; 55290.000000; 55315.000000; 55280.000000; 3490.800000; 3489.600000; 3490.000000; 3489.000000;
226; 2016-04-29 09:04:07.353 BRT; 55305.000000; 55290.000000; 55315.000000; 55280.000000; 3490.600000; 3489.600000; 3490.000000; 3489.000000;
227; 2016-04-29 09:04:08.406 BRT; 55305.000000; 55293.000000; 55315.000000; 55280.000000; 3490.600000; 3489.600000; 3490.000000; 3489.000000;
228; 2016-04-29 09:04:09.422 BRT; 55305.000000; 55293.000000; 55315.000000; 55280.000000; 3490.600000; 3489.600000; 3490.000000; 3489.000000;
229; 2016-04-29 09:04:10.537 BRT; 55300.000000; 55290.000000; 55310.000000; 55280.000000; 3490.600000; 3489.600000; 3490.000000; 3489.000000;
230; 2016-04-29 09:04:12.438 BRT; 55290.000000; 55281.000000; 55295.000000; 55270.000000; 3490.600000; 3489.600000; 3490.000000; 3489.000000;
231; 2016-04-29 09:04:13.444 BRT; 55290.000000; 55281.000000; 55295.000000; 55270.000000; 3490.200000; 3489.500000; 3489.500000; 3489.000000;
232; 2016-04-29 09:04:14.522 BRT; 55300.000000; 55281.000000; 55315.000000; 55270.000000; 3490.200000; 3489.400000; 3489.500000; 3489.000000;
233; 2016-04-29 09:04:15.525 BRT; 55292.000000; 55275.000000; 55310.000000; 55265.000000; 3490.400000; 3489.200000; 3489.500000; 3489.000000;
234; 2016-04-29 09:04:16.525 BRT; 55285.000000; 55270.000000; 55295.000000; 55265.000000; 3490.200000; 3489.000000; 3490.000000; 3489.000000;
235; 2016-04-29 09:04:17.543 BRT; 55275.000000; 55260.000000; 55265.000000; 55250.000000; 3490.200000; 3489.000000; 3490.000000; 3489.000000;
236; 2016-04-29 09:04:18.674 BRT; 55260.000000; 55247.000000; 55265.000000; 55250.000000; 3490.200000; 3489.000000; 3490.000000; 3489.000000;
237; 2016-04-29 09:04:19.824 BRT; 55266.000000; 55246.000000; 55265.000000; 55250.000000; 3490.400000; 3489.000000; 3490.000000; 3489.000000;
238; 2016-04-29 09:04:20.923 BRT; 55260.000000; 55250.000000; 55265.000000; 55250.000000; 3490.400000; 3489.000000; 3490.000000; 3489.000000;
239; 2016-04-29 09:04:22.640 BRT; 55255.000000; 55243.000000; 55265.000000; 55250.000000; 3490.400000; 3489.000000; 3490.000000; 3489.000000;
240; 2016-04-29 09:04:23.990 BRT; 55255.000000; 55240.000000; 55265.000000; 55250.000000; 3490.400000; 3489.000000; 3490.000000; 3489.000000;
241; 2016-04-29 09:04:24.127 BRT; 55260.000000; 55246.000000; 55265.000000; 55250.000000; 3490.400000; 3489.000000; 3490.000000; 3489.000000;
242; 2016-04-29 09:04:25.263 BRT; 55260.000000; 55250.000000; 55265.000000; 55250.000000; 3490.600000; 3489.000000; 3490.000000; 3489.500000;
243; 2016-04-29 09:04:26.338 BRT; 55260.000000; 55251.000000; 55265.000000; 55250.000000; 3490.600000; 3489.200000; 3490.000000; 3489.500000;
244; 2016-04-29 09:04:27.756 BRT; 55255.000000; 55245.000000; 55250.000000; 55235.000000; 3490.600000; 3489.200000; 3490.000000; 3489.500000;
245; 2016-04-29 09:04:28.765 BRT; 55253.000000; 55245.000000; 55250.000000; 55235.000000; 3490.600000; 3489.300000; 3490.000000; 3489.500000;
246; 2016-04-29 09:04:29.878 BRT; 55255.000000; 55245.000000; 55250.000000; 55235.000000; 3490.900000; 3489.500000; 3491.500000; 3489.500000;
247; 2016-04-29 09:04:30.880 BRT; 55251.000000; 55245.000000; 55250.000000; 55235.000000; 3490.900000; 3489.500000; 3491.500000; 3489.500000;
248; 2016-04-29 09:04:31.935 BRT; 55253.000000; 55245.000000; 55250.000000; 55225.000000; 3490.700000; 3489.500000; 3491.000000; 3489.500000;
249; 2016-04-29 09:04:33.127 BRT; 55241.000000; 55230.000000; 55250.000000; 55215.000000; 3490.700000; 3489.500000; 3491.500000; 3489.500000;
250; 2016-04-29 09:04:34.191 BRT; 55246.000000; 55231.000000; 55250.000000; 55215.000000; 3490.900000; 3489.500000; 3491.500000; 3489.500000;
251; 2016-04-29 09:04:35.262 BRT; 55249.000000; 55235.000000; 55250.000000; 55215.000000; 3490.700000; 3489.500000; 3491.500000; 3489.500000;
252; 2016-04-29 09:04:36.282 BRT; 55249.000000; 55235.000000; 55250.000000; 55215.000000; 3491.000000; 3489.500000; 3491.500000; 3489.500000;
253; 2016-04-29 09:04:37.341 BRT; 55240.000000; 55228.000000; 55250.000000; 55215.000000; 3491.000000; 3490.400000; 3491.500000; 3490.500000;
254; 2016-04-29 09:04:38.726 BRT; 55250.000000; 55234.000000; 55250.000000; 55220.000000; 3492.100000; 3490.500000; 3491.500000; 3490.500000;
255; 2016-04-29 09:04:39.732 BRT; 55250.000000; 55235.000000; 55250.000000; 55220.000000; 3492.100000; 3490.500000; 3491.500000; 3490.500000;
256; 2016-04-29 09:04:40.814 BRT; 55250.000000; 55240.000000; 55250.000000; 55220.000000; 3492.600000; 3490.700000; 3491.500000; 3490.500000;
257; 2016-04-29 09:04:41.833 BRT; 55245.000000; 55235.000000; 55250.000000; 55220.000000; 3492.600000; 3491.400000; 3492.000000; 3491.000000;
258; 2016-04-29 09:04:42.936 BRT; 55257.000000; 55245.000000; 55250.000000; 55230.000000; 3492.700000; 3491.400000; 3492.500000; 3491.000000;
259; 2016-04-29 09:04:44.960 BRT; 55275.000000; 55255.000000; 55290.000000; 55245.000000; 3492.700000; 3492.000000; 3492.500000; 3491.000000;
260; 2016-04-29 09:04:45.187 BRT; 55275.000000; 55255.000000; 55290.000000; 55245.000000; 3492.800000; 3492.000000; 3492.500000; 3492.000000;
261; 2016-04-29 09:04:46.221 BRT; 55280.000000; 55265.000000; 55290.000000; 55245.000000; 3492.800000; 3492.000000; 3492.500000; 3492.000000;
262; 2016-04-29 09:04:47.506 BRT; 55284.000000; 55270.000000; 55300.000000; 55255.000000; 3492.800000; 3492.000000; 3492.500000; 3491.000000;
263; 2016-04-29 09:04:48.560 BRT; 55285.000000; 55270.000000; 55300.000000; 55255.000000; 3492.900000; 3492.000000; 3492.500000; 3491.000000;
264; 2016-04-29 09:04:49.863 BRT; 55296.000000; 55272.000000; 55305.000000; 55250.000000; 3492.900000; 3492.000000; 3493.000000; 3491.000000;
265; 2016-04-29 09:04:50.864 BRT; 55290.000000; 55271.000000; 55300.000000; 55250.000000; 3492.800000; 3492.000000; 3493.000000; 3491.000000;
266; 2016-04-29 09:04:51.999 BRT; 55290.000000; 55271.000000; 55305.000000; 55250.000000; 3492.700000; 3492.000000; 3492.500000; 3491.000000;
267; 2016-04-29 09:04:53.133 BRT; 55295.000000; 55280.000000; 55305.000000; 55250.000000; 3492.500000; 3491.200000; 3492.500000; 3491.000000;
268; 2016-04-29 09:04:54.162 BRT; 55300.000000; 55280.000000; 55305.000000; 55250.000000; 3492.500000; 3491.200000; 3492.500000; 3490.500000;
269; 2016-04-29 09:04:55.882 BRT; 55302.000000; 55280.000000; 55305.000000; 55250.000000; 3492.400000; 3491.200000; 3492.500000; 3491.000000;
270; 2016-04-29 09:04:57.278 BRT; 55304.000000; 55280.000000; 55305.000000; 55250.000000; 3492.400000; 3491.300000; 3492.500000; 3491.000000;
271; 2016-04-29 09:04:58.299 BRT; 55303.000000; 55280.000000; 55305.000000; 55250.000000; 3493.000000; 3492.500000; 3493.000000; 3492.500000;
272; 2016-04-29 09:04:59.329 BRT; 55301.000000; 55280.000000; 55305.000000; 55250.000000; 3493.000000; 3492.500000; 3494.000000; 3492.500000;
273; 2016-04-29 09:05:00.350 BRT; 55301.000000; 55285.000000; 55305.000000; 55250.000000; 3493.000000; 3492.500000; 3494.000000; 3492.500000;
274; 2016-04-29 09:05:01.355 BRT; 55300.000000; 55284.000000; 55305.000000; 55250.000000; 3493.500000; 3493.000000; 3494.500000; 3492.500000;
275; 2016-04-29 09:05:02.418 BRT; 55301.000000; 55290.000000; 55305.000000; 55250.000000; 3493.500000; 3493.000000; 3494.000000; 3492.500000;
276; 2016-04-29 09:05:03.463 BRT; 55300.000000; 55290.000000; 55305.000000; 55250.000000; 3493.500000; 3493.000000; 3494.000000; 3492.500000;
277; 2016-04-29 09:05:04.475 BRT; 55300.000000; 55290.000000; 55305.000000; 55260.000000; 3493.500000; 3493.000000; 3494.000000; 3492.500000;
278; 2016-04-29 09:05:05.622 BRT; 55300.000000; 55285.000000; 55305.000000; 55260.000000; 3493.500000; 3493.000000; 3494.000000; 3492.500000;
279; 2016-04-29 09:05:07.480 BRT; 55300.000000; 55283.000000; 55305.000000; 55250.000000; 3493.500000; 3493.000000; 3494.500000; 3492.500000;
280; 2016-04-29 09:05:08.900 BRT; 55300.000000; 55283.000000; 55305.000000; 55255.000000; 3493.500000; 3493.000000; 3494.000000; 3492.500000;
281; 2016-04-29 09:05:09.198 BRT; 55295.000000; 55280.000000; 55305.000000; 55255.000000; 3493.500000; 3493.000000; 3494.000000; 3492.500000;
282; 2016-04-29 09:05:10.255 BRT; 55295.000000; 55280.000000; 55305.000000; 55265.000000; 3493.500000; 3493.000000; 3494.000000; 3492.500000;
283; 2016-04-29 09:05:11.286 BRT; 55299.000000; 55285.000000; 55305.000000; 55265.000000; 3493.500000; 3493.000000; 3494.000000; 3492.500000;
284; 2016-04-29 09:05:12.308 BRT; 55299.000000; 55280.000000; 55305.000000; 55265.000000; 3493.500000; 3493.000000; 3494.000000; 3492.500000;
285; 2016-04-29 09:05:13.410 BRT; 55295.000000; 55280.000000; 55305.000000; 55265.000000; 3493.500000; 3493.000000; 3494.000000; 3492.500000;
286; 2016-04-29 09:05:14.441 BRT; 55299.000000; 55285.000000; 55305.000000; 55260.000000; 3493.500000; 3493.000000; 3494.000000; 3492.500000;
287; 2016-04-29 09:05:15.531 BRT; 55299.000000; 55283.000000; 55305.000000; 55260.000000; 3493.500000; 3493.000000; 3494.000000; 3492.500000;
288; 2016-04-29 09:05:16.584 BRT; 55299.000000; 55282.000000; 55305.000000; 55260.000000; 3494.000000; 3493.000000; 3494.500000; 3492.500000;
289; 2016-04-29 09:05:17.690 BRT; 55293.000000; 55282.000000; 55305.000000; 55260.000000; 3494.400000; 3493.000000; 3494.500000; 3492.500000;
290; 2016-04-29 09:05:18.808 BRT; 55296.000000; 55285.000000; 55305.000000; 55260.000000; 3494.200000; 3493.000000; 3494.500000; 3493.000000;
291; 2016-04-29 09:05:19.874 BRT; 55280.000000; 55261.000000; 55290.000000; 55255.000000; 3494.200000; 3493.200000; 3494.500000; 3493.000000;
292; 2016-04-29 09:05:20.920 BRT; 55280.000000; 55265.000000; 55280.000000; 55255.000000; 3494.500000; 3493.200000; 3494.500000; 3493.000000;
293; 2016-04-29 09:05:22.138 BRT; 55280.000000; 55265.000000; 55280.000000; 55255.000000; 3493.500000; 3493.000000; 3494.000000; 3493.000000;
294; 2016-04-29 09:05:23.171 BRT; 55275.000000; 55260.000000; 55280.000000; 55255.000000; 3493.500000; 3493.000000; 3494.000000; 3493.000000;
295; 2016-04-29 09:05:24.274 BRT; 55275.000000; 55260.000000; 55280.000000; 55255.000000; 3493.500000; 3493.000000; 3494.000000; 3493.000000;
296; 2016-04-29 09:05:25.379 BRT; 55276.000000; 55270.000000; 55280.000000; 55255.000000; 3493.500000; 3493.000000; 3494.000000; 3493.000000;
297; 2016-04-29 09:05:26.398 BRT; 55276.000000; 55270.000000; 55280.000000; 55255.000000; 3493.500000; 3493.000000; 3494.000000; 3493.000000;
298; 2016-04-29 09:05:27.610 BRT; 55270.000000; 55260.000000; 55280.000000; 55255.000000; 3493.500000; 3493.000000; 3494.000000; 3493.000000;
299; 2016-04-29 09:05:28.681 BRT; 55275.000000; 55259.000000; 55280.000000; 55255.000000; 3493.500000; 3493.000000; 3494.000000; 3493.500000;
300; 2016-04-29 09:05:29.687 BRT; 55275.000000; 55261.000000; 55280.000000; 55255.000000; 3493.500000; 3493.000000; 3494.500000; 3493.000000;
301; 2016-04-29 09:05:30.769 BRT; 55275.000000; 55265.000000; 55280.000000; 55255.000000; 3493.500000; 3493.000000; 3494.500000; 3493.000000;
302; 2016-04-29 09:05:31.792 BRT; 55275.000000; 55260.000000; 55280.000000; 55255.000000; 3493.500000; 3493.000000; 3494.500000; 3493.000000;
303; 2016-04-29 09:05:32.819 BRT; 55275.000000; 55260.000000; 55280.000000; 55255.000000; 3495.000000; 3493.800000; 3495.500000; 3494.500000;
304; 2016-04-29 09:05:33.847 BRT; 55275.000000; 55260.000000; 55280.000000; 55255.000000; 3495.000000; 3494.000000; 3495.500000; 3494.500000;
305; 2016-04-29 09:05:34.849 BRT; 55275.000000; 55260.000000; 55280.000000; 55255.000000; 3495.000000; 3494.000000; 3495.500000; 3494.500000;
306; 2016-04-29 09:05:35.850 BRT; 55275.000000; 55260.000000; 55280.000000; 55255.000000; 3495.000000; 3494.000000; 3496.000000; 3494.500000;
307; 2016-04-29 09:05:36.870 BRT; 55275.000000; 55260.000000; 55280.000000; 55255.000000; 3495.200000; 3494.100000; 3496.000000; 3494.500000;
308; 2016-04-29 09:05:37.947 BRT; 55275.000000; 55265.000000; 55280.000000; 55255.000000; 3495.900000; 3494.100000; 3496.000000; 3494.500000;
309; 2016-04-29 09:05:38.955 BRT; 55275.000000; 55265.000000; 55280.000000; 55255.000000; 3496.000000; 3494.400000; 3496.000000; 3494.500000;
310; 2016-04-29 09:05:40.230 BRT; 55275.000000; 55265.000000; 55280.000000; 55255.000000; 3496.000000; 3494.300000; 3496.000000; 3494.500000;
311; 2016-04-29 09:05:41.296 BRT; 55275.000000; 55264.000000; 55280.000000; 55255.000000; 3496.100000; 3494.300000; 3496.000000; 3494.500000;
312; 2016-04-29 09:05:42.381 BRT; 55291.000000; 55271.000000; 55300.000000; 55260.000000; 3496.600000; 3494.300000; 3496.000000; 3494.500000;
313; 2016-04-29 09:05:43.430 BRT; 55295.000000; 55280.000000; 55305.000000; 55260.000000; 3496.400000; 3494.600000; 3496.000000; 3495.000000;
314; 2016-04-29 09:05:44.474 BRT; 55295.000000; 55280.000000; 55305.000000; 55270.000000; 3496.300000; 3494.700000; 3496.000000; 3495.000000;
315; 2016-04-29 09:05:45.818 BRT; 55295.000000; 55280.000000; 55305.000000; 55270.000000; 3496.300000; 3494.400000; 3496.000000; 3495.000000;
316; 2016-04-29 09:05:47.220 BRT; 55295.000000; 55280.000000; 55305.000000; 55270.000000; 3496.100000; 3494.400000; 3496.000000; 3495.000000;
317; 2016-04-29 09:05:48.566 BRT; 55296.000000; 55280.000000; 55305.000000; 55270.000000; 3496.400000; 3495.000000; 3496.000000; 3495.000000;
318; 2016-04-29 09:05:49.626 BRT; 55291.000000; 55280.000000; 55305.000000; 55270.000000; 3496.500000; 3495.000000; 3496.000000; 3495.000000;
319; 2016-04-29 09:05:50.636 BRT; 55296.000000; 55280.000000; 55310.000000; 55270.000000; 3496.800000; 3495.000000; 3496.000000; 3495.000000;
320; 2016-04-29 09:05:51.645 BRT; 55295.000000; 55280.000000; 55310.000000; 55270.000000; 3497.000000; 3495.200000; 3496.000000; 3495.000000;
321; 2016-04-29 09:05:52.690 BRT; 55295.000000; 55280.000000; 55310.000000; 55270.000000; 3497.000000; 3495.200000; 3496.000000; 3495.000000;
322; 2016-04-29 09:05:53.798 BRT; 55295.000000; 55280.000000; 55310.000000; 55270.000000; 3497.000000; 3495.200000; 3496.000000; 3495.000000;
323; 2016-04-29 09:05:54.842 BRT; 55295.000000; 55280.000000; 55310.000000; 55270.000000; 3497.000000; 3495.200000; 3496.000000; 3495.000000;
324; 2016-04-29 09:05:55.899 BRT; 55295.000000; 55280.000000; 55310.000000; 55270.000000; 3497.000000; 3495.100000; 3496.000000; 3495.000000;
325; 2016-04-29 09:05:56.906 BRT; 55300.000000; 55285.000000; 55310.000000; 55270.000000; 3497.000000; 3495.100000; 3496.000000; 3495.000000;
326; 2016-04-29 09:05:58.480 BRT; 55305.000000; 55295.000000; 55310.000000; 55285.000000; 3497.000000; 3495.200000; 3496.000000; 3495.000000;
327; 2016-04-29 09:05:59.930 BRT; 55305.000000; 55294.000000; 55310.000000; 55285.000000; 3497.000000; 3495.200000; 3496.000000; 3495.000000;
328; 2016-04-29 09:06:00.169 BRT; 55305.000000; 55295.000000; 55310.000000; 55285.000000; 3496.900000; 3495.000000; 3496.000000; 3495.000000;
329; 2016-04-29 09:06:01.341 BRT; 55310.000000; 55295.000000; 55310.000000; 55285.000000; 3497.000000; 3495.000000; 3496.000000; 3495.000000;
330; 2016-04-29 09:06:02.382 BRT; 55309.000000; 55295.000000; 55310.000000; 55285.000000; 3497.000000; 3495.000000; 3496.000000; 3495.000000;
331; 2016-04-29 09:06:03.413 BRT; 55310.000000; 55295.000000; 55310.000000; 55285.000000; 3497.000000; 3495.000000; 3496.000000; 3495.000000;
332; 2016-04-29 09:06:04.435 BRT; 55310.000000; 55295.000000; 55310.000000; 55285.000000; 3498.000000; 3496.600000; 3496.500000; 3495.500000;
333; 2016-04-29 09:06:05.614 BRT; 55310.000000; 55295.000000; 55310.000000; 55285.000000; 3498.000000; 3496.600000; 3496.500000; 3495.500000;
334; 2016-04-29 09:06:06.751 BRT; 55305.000000; 55295.000000; 55310.000000; 55285.000000; 3497.400000; 3496.200000; 3496.500000; 3495.500000;
335; 2016-04-29 09:06:07.972 BRT; 55305.000000; 55290.000000; 55310.000000; 55285.000000; 3496.800000; 3496.000000; 3497.000000; 3495.500000;
336; 2016-04-29 09:06:09.530 BRT; 55305.000000; 55295.000000; 55310.000000; 55285.000000; 3497.400000; 3496.000000; 3497.000000; 3495.000000;
337; 2016-04-29 09:06:10.940 BRT; 55305.000000; 55290.000000; 55310.000000; 55285.000000; 3497.600000; 3496.000000; 3497.000000; 3495.000000;
338; 2016-04-29 09:06:11.105 BRT; 55305.000000; 55290.000000; 55310.000000; 55285.000000; 3496.200000; 3495.000000; 3495.000000; 3494.500000;
339; 2016-04-29 09:06:12.113 BRT; 55310.000000; 55295.000000; 55310.000000; 55290.000000; 3496.400000; 3495.000000; 3495.000000; 3494.500000;
340; 2016-04-29 09:06:13.168 BRT; 55310.000000; 55295.000000; 55310.000000; 55290.000000; 3496.600000; 3495.500000; 3495.000000; 3494.500000;
341; 2016-04-29 09:06:14.221 BRT; 55310.000000; 55295.000000; 55310.000000; 55290.000000; 3496.600000; 3495.500000; 3495.000000; 3494.500000;
342; 2016-04-29 09:06:15.258 BRT; 55310.000000; 55295.000000; 55310.000000; 55290.000000; 3496.500000; 3495.400000; 3496.000000; 3494.500000;
343; 2016-04-29 09:06:16.294 BRT; 55310.000000; 55293.000000; 55305.000000; 55290.000000; 3496.800000; 3495.600000; 3496.000000; 3494.500000;
344; 2016-04-29 09:06:17.379 BRT; 55310.000000; 55293.000000; 55305.000000; 55290.000000; 3496.800000; 3495.600000; 3496.000000; 3494.500000;
345; 2016-04-29 09:06:18.380 BRT; 55310.000000; 55293.000000; 55305.000000; 55290.000000; 3497.000000; 3495.500000; 3496.000000; 3495.000000;
346; 2016-04-29 09:06:19.439 BRT; 55305.000000; 55293.000000; 55305.000000; 55290.000000; 3497.000000; 3495.500000; 3496.000000; 3495.000000;
347; 2016-04-29 09:06:20.534 BRT; 55315.000000; 55305.000000; 55315.000000; 55295.000000; 3496.500000; 3495.700000; 3496.000000; 3495.000000;
348; 2016-04-29 09:06:21.681 BRT; 55315.000000; 55305.000000; 55315.000000; 55295.000000; 3496.500000; 3495.700000; 3496.000000; 3495.000000;
349; 2016-04-29 09:06:22.694 BRT; 55317.000000; 55304.000000; 55315.000000; 55295.000000; 3496.500000; 3495.500000; 3496.000000; 3495.000000;
350; 2016-04-29 09:06:23.752 BRT; 55315.000000; 55305.000000; 55315.000000; 55295.000000; 3496.500000; 3495.500000; 3496.000000; 3495.000000;
351; 2016-04-29 09:06:24.791 BRT; 55316.000000; 55305.000000; 55315.000000; 55295.000000; 3496.500000; 3495.500000; 3496.000000; 3495.000000;
352; 2016-04-29 09:06:25.808 BRT; 55325.000000; 55315.000000; 55325.000000; 55305.000000; 3496.400000; 3495.500000; 3496.000000; 3495.000000;
353; 2016-04-29 09:06:26.970 BRT; 55325.000000; 55315.000000; 55325.000000; 55305.000000; 3496.000000; 3495.500000; 3496.000000; 3494.500000;
354; 2016-04-29 09:06:27.974 BRT; 55328.000000; 55315.000000; 55325.000000; 55305.000000; 3496.000000; 3495.500000; 3496.000000; 3494.500000;
355; 2016-04-29 09:06:29.227 BRT; 55325.000000; 55313.000000; 55325.000000; 55305.000000; 3496.000000; 3495.500000; 3496.000000; 3494.500000;
356; 2016-04-29 09:06:30.313 BRT; 55330.000000; 55320.000000; 55340.000000; 55305.000000; 3496.000000; 3495.500000; 3496.000000; 3494.500000;
357; 2016-04-29 09:06:31.313 BRT; 55335.000000; 55330.000000; 55345.000000; 55330.000000; 3496.000000; 3495.300000; 3496.000000; 3494.500000;
358; 2016-04-29 09:06:32.475 BRT; 55340.000000; 55328.000000; 55350.000000; 55315.000000; 3495.800000; 3495.000000; 3495.500000; 3494.500000;
359; 2016-04-29 09:06:33.508 BRT; 55340.000000; 55330.000000; 55350.000000; 55315.000000; 3495.900000; 3495.000000; 3495.500000; 3494.500000;
360; 2016-04-29 09:06:34.555 BRT; 55340.000000; 55329.000000; 55350.000000; 55315.000000; 3495.900000; 3495.000000; 3495.500000; 3494.500000;
361; 2016-04-29 09:06:35.711 BRT; 55340.000000; 55330.000000; 55350.000000; 55330.000000; 3496.000000; 3495.000000; 3496.000000; 3494.500000;
362; 2016-04-29 09:06:36.721 BRT; 55355.000000; 55341.000000; 55370.000000; 55330.000000; 3496.000000; 3495.000000; 3496.000000; 3494.500000;
363; 2016-04-29 09:06:37.738 BRT; 55355.000000; 55340.000000; 55370.000000; 55330.000000; 3496.000000; 3495.200000; 3496.500000; 3495.000000;
364; 2016-04-29 09:06:38.818 BRT; 55363.000000; 55348.000000; 55375.000000; 55340.000000; 3496.000000; 3495.200000; 3496.500000; 3495.000000;
365; 2016-04-29 09:06:39.823 BRT; 55367.000000; 55350.000000; 55375.000000; 55340.000000; 3497.500000; 3495.700000; 3497.000000; 3495.500000;
366; 2016-04-29 09:06:40.851 BRT; 55365.000000; 55350.000000; 55370.000000; 55335.000000; 3497.500000; 3495.700000; 3497.000000; 3495.500000;
367; 2016-04-29 09:06:41.901 BRT; 55365.000000; 55350.000000; 55375.000000; 55340.000000; 3497.500000; 3495.700000; 3497.000000; 3495.500000;
368; 2016-04-29 09:06:42.964 BRT; 55359.000000; 55345.000000; 55370.000000; 55340.000000; 3497.400000; 3495.700000; 3497.000000; 3495.500000;
369; 2016-04-29 09:06:44.550 BRT; 55360.000000; 55345.000000; 55370.000000; 55340.000000; 3497.300000; 3495.700000; 3497.000000; 3495.500000;
370; 2016-04-29 09:06:45.840 BRT; 55355.000000; 55340.000000; 55370.000000; 55340.000000; 3497.300000; 3495.700000; 3497.000000; 3495.500000;
371; 2016-04-29 09:06:46.980 BRT; 55360.000000; 55345.000000; 55370.000000; 55340.000000; 3497.300000; 3495.700000; 3497.000000; 3495.500000;
372; 2016-04-29 09:06:47.298 BRT; 55360.000000; 55349.000000; 55370.000000; 55340.000000; 3497.300000; 3495.700000; 3497.000000; 3495.500000;
373; 2016-04-29 09:06:48.349 BRT; 55360.000000; 55345.000000; 55370.000000; 55340.000000; 3496.900000; 3495.000000; 3496.500000; 3495.000000;
374; 2016-04-29 09:06:49.417 BRT; 55360.000000; 55345.000000; 55370.000000; 55340.000000; 3496.900000; 3495.000000; 3496.500000; 3495.000000;
375; 2016-04-29 09:06:50.747 BRT; 55355.000000; 55344.000000; 55370.000000; 55340.000000; 3497.000000; 3495.000000; 3496.500000; 3495.000000;
376; 2016-04-29 09:06:51.862 BRT; 55355.000000; 55340.000000; 55370.000000; 55340.000000; 3497.000000; 3495.100000; 3496.500000; 3495.000000;
377; 2016-04-29 09:06:53.750 BRT; 55355.000000; 55340.000000; 55370.000000; 55340.000000; 3497.000000; 3495.100000; 3496.500000; 3495.000000;
378; 2016-04-29 09:06:54.120 BRT; 55355.000000; 55340.000000; 55370.000000; 55340.000000; 3497.000000; 3495.100000; 3496.500000; 3495.000000;
379; 2016-04-29 09:06:55.164 BRT; 55355.000000; 55340.000000; 55370.000000; 55340.000000; 3497.000000; 3495.100000; 3497.000000; 3495.000000;
380; 2016-04-29 09:06:56.195 BRT; 55355.000000; 55340.000000; 55370.000000; 55340.000000; 3497.000000; 3495.500000; 3497.000000; 3495.000000;
381; 2016-04-29 09:06:57.354 BRT; 55355.000000; 55340.000000; 55370.000000; 55340.000000; 3497.000000; 3495.500000; 3497.000000; 3495.000000;
382; 2016-04-29 09:06:58.384 BRT; 55355.000000; 55340.000000; 55370.000000; 55340.000000; 3497.000000; 3495.500000; 3497.000000; 3495.000000;
383; 2016-04-29 09:06:59.428 BRT; 55355.000000; 55340.000000; 55370.000000; 55340.000000; 3497.000000; 3495.500000; 3497.000000; 3495.000000;
384; 2016-04-29 09:07:00.516 BRT; 55355.000000; 55340.000000; 55370.000000; 55330.000000; 3497.000000; 3495.500000; 3497.000000; 3495.000000;
385; 2016-04-29 09:07:01.898 BRT; 55355.000000; 55340.000000; 55370.000000; 55335.000000; 3496.900000; 3495.500000; 3496.500000; 3495.000000;
386; 2016-04-29 09:07:02.912 BRT; 55355.000000; 55340.000000; 55370.000000; 55335.000000; 3496.900000; 3495.500000; 3496.500000; 3495.000000;
387; 2016-04-29 09:07:03.946 BRT; 55350.000000; 55340.000000; 55360.000000; 55335.000000; 3496.900000; 3495.600000; 3496.500000; 3495.500000;
388; 2016-04-29 09:07:04.996 BRT; 55350.000000; 55340.000000; 55360.000000; 55335.000000; 3496.900000; 3495.600000; 3496.500000; 3495.500000;
389; 2016-04-29 09:07:06.202 BRT; 55350.000000; 55335.000000; 55360.000000; 55335.000000; 3496.900000; 3495.600000; 3496.500000; 3495.500000;
390; 2016-04-29 09:07:07.267 BRT; 55350.000000; 55340.000000; 55360.000000; 55335.000000; 3496.900000; 3495.600000; 3496.500000; 3495.500000;
391; 2016-04-29 09:07:08.271 BRT; 55350.000000; 55335.000000; 55360.000000; 55335.000000; 3496.900000; 3495.500000; 3496.500000; 3495.500000;
392; 2016-04-29 09:07:09.359 BRT; 55350.000000; 55335.000000; 55360.000000; 55335.000000; 3497.000000; 3495.800000; 3497.000000; 3496.000000;
393; 2016-04-29 09:07:10.359 BRT; 55350.000000; 55335.000000; 55360.000000; 55335.000000; 3497.000000; 3495.800000; 3497.000000; 3496.000000;
394; 2016-04-29 09:07:11.408 BRT; 55350.000000; 55335.000000; 55360.000000; 55335.000000; 3497.000000; 3495.800000; 3497.000000; 3496.000000;
395; 2016-04-29 09:07:12.437 BRT; 55350.000000; 55335.000000; 55360.000000; 55335.000000; 3497.000000; 3495.500000; 3497.000000; 3495.500000;
396; 2016-04-29 09:07:13.582 BRT; 55350.000000; 55335.000000; 55360.000000; 55335.000000; 3497.000000; 3496.000000; 3497.000000; 3495.500000;
397; 2016-04-29 09:07:14.775 BRT; 55350.000000; 55335.000000; 55360.000000; 55335.000000; 3497.000000; 3496.000000; 3497.000000; 3495.500000;
398; 2016-04-29 09:07:15.878 BRT; 55349.000000; 55335.000000; 55360.000000; 55335.000000; 3497.600000; 3497.000000; 3498.000000; 3497.500000;
399; 2016-04-29 09:07:16.971 BRT; 55349.000000; 55335.000000; 55360.000000; 55335.000000; 3497.600000; 3497.000000; 3498.000000; 3497.500000;
400; 2016-04-29 09:07:18.231 BRT; 55350.000000; 55335.000000; 55360.000000; 55335.000000; 3497.600000; 3497.000000; 3498.000000; 3497.500000;
401; 2016-04-29 09:07:19.262 BRT; 55330.000000; 55320.000000; 55340.000000; 55305.000000; 3497.600000; 3497.000000; 3498.000000; 3497.500000;
402; 2016-04-29 09:07:20.262 BRT; 55330.000000; 55319.000000; 55345.000000; 55305.000000; 3497.600000; 3497.000000; 3498.000000; 3497.500000;
403; 2016-04-29 09:07:21.393 BRT; 55330.000000; 55319.000000; 55345.000000; 55305.000000; 3498.000000; 3497.000000; 3498.000000; 3497.500000;
404; 2016-04-29 09:07:22.543 BRT; 55330.000000; 55320.000000; 55345.000000; 55305.000000; 3498.000000; 3497.000000; 3498.000000; 3497.500000;
405; 2016-04-29 09:07:23.577 BRT; 55330.000000; 55320.000000; 55345.000000; 55305.000000; 3498.000000; 3497.000000; 3498.000000; 3497.500000;
406; 2016-04-29 09:07:24.586 BRT; 55290.000000; 55275.000000; 55300.000000; 55270.000000; 3498.100000; 3497.000000; 3498.000000; 3497.500000;
407; 2016-04-29 09:07:25.727 BRT; 55290.000000; 55275.000000; 55300.000000; 55270.000000; 3498.000000; 3497.000000; 3498.000000; 3497.500000;
408; 2016-04-29 09:07:26.751 BRT; 55290.000000; 55275.000000; 55300.000000; 55270.000000; 3498.000000; 3497.000000; 3498.000000; 3497.500000;
409; 2016-04-29 09:07:27.796 BRT; 55270.000000; 55260.000000; 55270.000000; 55255.000000; 3498.000000; 3497.000000; 3498.000000; 3497.500000;
410; 2016-04-29 09:07:28.801 BRT; 55255.000000; 55245.000000; 55265.000000; 55235.000000; 3498.300000; 3497.000000; 3498.000000; 3497.500000;
411; 2016-04-29 09:07:29.916 BRT; 55255.000000; 55245.000000; 55265.000000; 55235.000000; 3498.300000; 3497.000000; 3498.000000; 3497.500000;
412; 2016-04-29 09:07:31.600 BRT; 55250.000000; 55240.000000; 55260.000000; 55225.000000; 3498.400000; 3497.000000; 3498.000000; 3497.500000;
413; 2016-04-29 09:07:32.830 BRT; 55245.000000; 55235.000000; 55260.000000; 55225.000000; 3498.300000; 3497.000000; 3498.000000; 3497.500000;
414; 2016-04-29 09:07:33.227 BRT; 55246.000000; 55230.000000; 55260.000000; 55225.000000; 3498.100000; 3497.000000; 3498.000000; 3497.500000;
415; 2016-04-29 09:07:34.232 BRT; 55250.000000; 55235.000000; 55260.000000; 55225.000000; 3498.100000; 3497.000000; 3498.000000; 3497.500000;
416; 2016-04-29 09:07:35.281 BRT; 55247.000000; 55235.000000; 55260.000000; 55225.000000; 3498.400000; 3497.000000; 3498.000000; 3497.500000;
417; 2016-04-29 09:07:36.284 BRT; 55220.000000; 55210.000000; 55220.000000; 55205.000000; 3498.400000; 3497.100000; 3498.000000; 3497.500000;
418; 2016-04-29 09:07:37.298 BRT; 55220.000000; 55205.000000; 55220.000000; 55205.000000; 3498.400000; 3497.100000; 3498.000000; 3497.500000;
419; 2016-04-29 09:07:38.314 BRT; 55230.000000; 55218.000000; 55235.000000; 55205.000000; 3498.400000; 3497.100000; 3498.000000; 3497.500000;
420; 2016-04-29 09:07:39.330 BRT; 55235.000000; 55220.000000; 55240.000000; 55210.000000; 3498.000000; 3497.200000; 3498.000000; 3497.500000;
421; 2016-04-29 09:07:40.331 BRT; 55247.000000; 55235.000000; 55260.000000; 55225.000000; 3498.000000; 3497.200000; 3498.000000; 3497.500000;
422; 2016-04-29 09:07:41.354 BRT; 55245.000000; 55235.000000; 55260.000000; 55225.000000; 3498.000000; 3497.200000; 3498.000000; 3497.500000;
423; 2016-04-29 09:07:42.571 BRT; 55235.000000; 55225.000000; 55245.000000; 55210.000000; 3498.000000; 3497.200000; 3498.000000; 3497.500000;
424; 2016-04-29 09:07:43.640 BRT; 55240.000000; 55225.000000; 55250.000000; 55210.000000; 3498.000000; 3497.200000; 3498.500000; 3497.500000;
425; 2016-04-29 09:07:44.755 BRT; 55242.000000; 55228.000000; 55250.000000; 55220.000000; 3498.000000; 3497.200000; 3498.500000; 3497.500000;
426; 2016-04-29 09:07:45.755 BRT; 55240.000000; 55225.000000; 55250.000000; 55210.000000; 3498.000000; 3497.200000; 3498.500000; 3497.500000;
427; 2016-04-29 09:07:46.836 BRT; 55245.000000; 55230.000000; 55250.000000; 55220.000000; 3498.000000; 3497.200000; 3498.500000; 3497.500000;
428; 2016-04-29 09:07:47.967 BRT; 55250.000000; 55234.000000; 55260.000000; 55225.000000; 3497.900000; 3497.000000; 3498.000000; 3497.500000;
429; 2016-04-29 09:07:48.975 BRT; 55245.000000; 55235.000000; 55260.000000; 55225.000000; 3497.900000; 3497.000000; 3498.000000; 3497.500000;
430; 2016-04-29 09:07:49.996 BRT; 55246.000000; 55235.000000; 55260.000000; 55225.000000; 3497.800000; 3497.000000; 3498.000000; 3497.500000;
431; 2016-04-29 09:07:51.510 BRT; 55250.000000; 55235.000000; 55260.000000; 55225.000000; 3497.800000; 3497.000000; 3498.000000; 3497.500000;
432; 2016-04-29 09:07:52.240 BRT; 55250.000000; 55235.000000; 55260.000000; 55225.000000; 3497.400000; 3496.000000; 3497.500000; 3496.000000;
433; 2016-04-29 09:07:53.242 BRT; 55249.000000; 55235.000000; 55260.000000; 55225.000000; 3497.900000; 3496.000000; 3498.000000; 3496.500000;
434; 2016-04-29 09:07:54.253 BRT; 55246.000000; 55231.000000; 55260.000000; 55225.000000; 3497.700000; 3496.000000; 3498.000000; 3496.500000;
435; 2016-04-29 09:07:55.329 BRT; 55245.000000; 55235.000000; 55260.000000; 55225.000000; 3498.000000; 3497.000000; 3498.500000; 3497.500000;
436; 2016-04-29 09:07:56.373 BRT; 55245.000000; 55235.000000; 55260.000000; 55225.000000; 3497.600000; 3497.000000; 3498.000000; 3497.500000;
437; 2016-04-29 09:07:57.610 BRT; 55245.000000; 55235.000000; 55260.000000; 55225.000000; 3497.600000; 3496.900000; 3498.000000; 3497.500000;
438; 2016-04-29 09:07:58.682 BRT; 55247.000000; 55235.000000; 55260.000000; 55225.000000; 3497.500000; 3496.000000; 3498.000000; 3496.500000;
439; 2016-04-29 09:07:59.734 BRT; 55247.000000; 55232.000000; 55260.000000; 55225.000000; 3497.400000; 3496.000000; 3497.500000; 3497.000000;
440; 2016-04-29 09:08:00.742 BRT; 55250.000000; 55240.000000; 55260.000000; 55230.000000; 3497.100000; 3495.800000; 3497.500000; 3496.000000;
441; 2016-04-29 09:08:01.876 BRT; 55250.000000; 55240.000000; 55260.000000; 55230.000000; 3497.500000; 3495.500000; 3497.500000; 3496.000000;
442; 2016-04-29 09:08:02.886 BRT; 55255.000000; 55246.000000; 55260.000000; 55230.000000; 3497.400000; 3495.600000; 3497.500000; 3496.000000;
443; 2016-04-29 09:08:04.300 BRT; 55255.000000; 55240.000000; 55260.000000; 55230.000000; 3497.000000; 3495.600000; 3497.500000; 3496.000000;
444; 2016-04-29 09:08:05.135 BRT; 55255.000000; 55240.000000; 55260.000000; 55230.000000; 3496.800000; 3495.600000; 3497.000000; 3496.000000;
445; 2016-04-29 09:08:06.268 BRT; 55250.000000; 55239.000000; 55260.000000; 55230.000000; 3496.800000; 3496.000000; 3497.000000; 3496.500000;
446; 2016-04-29 09:08:07.469 BRT; 55250.000000; 55236.000000; 55260.000000; 55225.000000; 3497.100000; 3496.100000; 3497.500000; 3496.500000;
447; 2016-04-29 09:08:08.488 BRT; 55250.000000; 55236.000000; 55260.000000; 55225.000000; 3497.000000; 3495.900000; 3497.500000; 3496.000000;
448; 2016-04-29 09:08:09.490 BRT; 55265.000000; 55255.000000; 55270.000000; 55240.000000; 3497.000000; 3495.800000; 3496.500000; 3495.500000;
449; 2016-04-29 09:08:10.536 BRT; 55265.000000; 55250.000000; 55270.000000; 55245.000000; 3496.000000; 3495.500000; 3496.000000; 3494.500000;
450; 2016-04-29 09:08:11.617 BRT; 55265.000000; 55255.000000; 55280.000000; 55245.000000; 3496.200000; 3495.000000; 3496.500000; 3494.500000;
451; 2016-04-29 09:08:12.654 BRT; 55266.000000; 55255.000000; 55280.000000; 55245.000000; 3496.000000; 3495.000000; 3496.000000; 3494.500000;
452; 2016-04-29 09:08:13.939 BRT; 55268.000000; 55255.000000; 55280.000000; 55245.000000; 3496.000000; 3495.000000; 3496.000000; 3494.500000;
453; 2016-04-29 09:08:15.187 BRT; 55265.000000; 55255.000000; 55280.000000; 55245.000000; 3496.200000; 3495.000000; 3496.500000; 3494.500000;
454; 2016-04-29 09:08:16.236 BRT; 55270.000000; 55260.000000; 55280.000000; 55245.000000; 3496.200000; 3495.000000; 3496.500000; 3494.500000;
455; 2016-04-29 09:08:17.412 BRT; 55275.000000; 55263.000000; 55285.000000; 55255.000000; 3496.200000; 3495.000000; 3496.500000; 3494.500000;
456; 2016-04-29 09:08:18.550 BRT; 55280.000000; 55261.000000; 55285.000000; 55255.000000; 3496.400000; 3495.000000; 3496.500000; 3494.500000;
457; 2016-04-29 09:08:19.557 BRT; 55280.000000; 55270.000000; 55285.000000; 55255.000000; 3496.400000; 3495.000000; 3496.500000; 3494.500000;
458; 2016-04-29 09:08:20.577 BRT; 55280.000000; 55264.000000; 55285.000000; 55255.000000; 3496.400000; 3495.000000; 3496.500000; 3494.500000;
459; 2016-04-29 09:08:21.844 BRT; 55280.000000; 55261.000000; 55285.000000; 55255.000000; 3496.200000; 3495.000000; 3496.500000; 3494.500000;
460; 2016-04-29 09:08:22.891 BRT; 55280.000000; 55265.000000; 55285.000000; 55255.000000; 3496.200000; 3495.000000; 3496.500000; 3495.000000;
461; 2016-04-29 09:08:23.894 BRT; 55275.000000; 55260.000000; 55285.000000; 55255.000000; 3496.200000; 3495.000000; 3496.500000; 3495.000000;
462; 2016-04-29 09:08:25.720 BRT; 55275.000000; 55260.000000; 55285.000000; 55255.000000; 3496.200000; 3495.000000; 3496.500000; 3495.000000;
463; 2016-04-29 09:08:26.109 BRT; 55265.000000; 55249.000000; 55275.000000; 55240.000000; 3496.300000; 3495.000000; 3496.500000; 3495.000000;
464; 2016-04-29 09:08:27.131 BRT; 55265.000000; 55249.000000; 55275.000000; 55240.000000; 3496.300000; 3495.000000; 3496.500000; 3495.000000;
465; 2016-04-29 09:08:28.333 BRT; 55265.000000; 55249.000000; 55275.000000; 55240.000000; 3496.300000; 3495.000000; 3496.500000; 3495.000000;
466; 2016-04-29 09:08:29.632 BRT; 55265.000000; 55249.000000; 55275.000000; 55240.000000; 3496.300000; 3495.000000; 3496.500000; 3495.000000;
467; 2016-04-29 09:08:30.723 BRT; 55267.000000; 55255.000000; 55275.000000; 55240.000000; 3496.300000; 3495.000000; 3496.500000; 3495.000000;
468; 2016-04-29 09:08:31.734 BRT; 55267.000000; 55255.000000; 55275.000000; 55240.000000; 3495.900000; 3495.000000; 3496.000000; 3494.500000;
469; 2016-04-29 09:08:32.823 BRT; 55265.000000; 55255.000000; 55275.000000; 55240.000000; 3496.200000; 3495.000000; 3496.500000; 3494.500000;
470; 2016-04-29 09:08:33.880 BRT; 55265.000000; 55255.000000; 55275.000000; 55240.000000; 3496.200000; 3495.000000; 3496.500000; 3494.500000;
471; 2016-04-29 09:08:34.882 BRT; 55265.000000; 55254.000000; 55275.000000; 55240.000000; 3496.200000; 3495.000000; 3496.500000; 3494.500000;
472; 2016-04-29 09:08:35.899 BRT; 55265.000000; 55253.000000; 55275.000000; 55240.000000; 3496.700000; 3495.000000; 3496.500000; 3494.500000;
473; 2016-04-29 09:08:36.987 BRT; 55265.000000; 55253.000000; 55275.000000; 55240.000000; 3496.700000; 3495.000000; 3496.500000; 3494.500000;
474; 2016-04-29 09:08:37.990 BRT; 55265.000000; 55253.000000; 55275.000000; 55240.000000; 3496.700000; 3495.000000; 3496.500000; 3494.500000;
475; 2016-04-29 09:08:39.250 BRT; 55255.000000; 55240.000000; 55260.000000; 55235.000000; 3496.400000; 3495.000000; 3496.500000; 3494.500000;
476; 2016-04-29 09:08:40.455 BRT; 55255.000000; 55240.000000; 55260.000000; 55235.000000; 3496.800000; 3495.000000; 3496.500000; 3494.500000;
477; 2016-04-29 09:08:41.478 BRT; 55255.000000; 55240.000000; 55260.000000; 55235.000000; 3496.600000; 3495.000000; 3496.500000; 3494.500000;
478; 2016-04-29 09:08:42.624 BRT; 55255.000000; 55240.000000; 55260.000000; 55235.000000; 3496.500000; 3495.000000; 3496.500000; 3494.500000;
479; 2016-04-29 09:08:43.680 BRT; 55260.000000; 55245.000000; 55265.000000; 55235.000000; 3496.600000; 3495.000000; 3496.500000; 3494.500000;
480; 2016-04-29 09:08:45.208 BRT; 55260.000000; 55245.000000; 55265.000000; 55235.000000; 3496.600000; 3495.000000; 3496.500000; 3495.000000;
481; 2016-04-29 09:08:46.209 BRT; 55260.000000; 55245.000000; 55265.000000; 55235.000000; 3496.600000; 3495.000000; 3496.500000; 3495.000000;
482; 2016-04-29 09:08:47.304 BRT; 55260.000000; 55245.000000; 55265.000000; 55235.000000; 3496.600000; 3495.100000; 3496.500000; 3495.000000;
483; 2016-04-29 09:08:48.435 BRT; 55260.000000; 55245.000000; 55265.000000; 55235.000000; 3496.600000; 3495.100000; 3496.500000; 3495.000000;
484; 2016-04-29 09:08:49.570 BRT; 55260.000000; 55245.000000; 55265.000000; 55235.000000; 3496.200000; 3495.100000; 3496.500000; 3495.000000;
485; 2016-04-29 09:08:50.722 BRT; 55260.000000; 55245.000000; 55265.000000; 55235.000000; 3496.200000; 3495.100000; 3496.500000; 3495.000000;
486; 2016-04-29 09:08:51.771 BRT; 55255.000000; 55245.000000; 55265.000000; 55235.000000; 3496.200000; 3495.100000; 3496.500000; 3495.000000;
487; 2016-04-29 09:08:52.774 BRT; 55255.000000; 55245.000000; 55265.000000; 55235.000000; 3496.200000; 3495.100000; 3496.500000; 3495.000000;
488; 2016-04-29 09:08:53.789 BRT; 55255.000000; 55245.000000; 55265.000000; 55235.000000; 3496.200000; 3495.100000; 3496.500000; 3495.000000;
489; 2016-04-29 09:08:54.797 BRT; 55260.000000; 55250.000000; 55265.000000; 55235.000000; 3496.200000; 3495.100000; 3496.500000; 3495.000000;
490; 2016-04-29 09:08:55.860 BRT; 55265.000000; 55250.000000; 55265.000000; 55245.000000; 3496.100000; 3495.100000; 3496.500000; 3495.000000;
491; 2016-04-29 09:08:56.893 BRT; 55265.000000; 55250.000000; 55265.000000; 55245.000000; 3496.100000; 3495.500000; 3496.500000; 3495.000000;
492; 2016-04-29 09:08:58.310 BRT; 55265.000000; 55250.000000; 55265.000000; 55245.000000; 3496.100000; 3495.500000; 3496.500000; 3495.000000;
493; 2016-04-29 09:08:59.510 BRT; 55265.000000; 55250.000000; 55265.000000; 55245.000000; 3495.900000; 3495.000000; 3496.000000; 3495.000000;
494; 2016-04-29 09:09:00.538 BRT; 55265.000000; 55250.000000; 55265.000000; 55245.000000; 3495.900000; 3495.000000; 3496.000000; 3495.000000;
495; 2016-04-29 09:09:01.931 BRT; 55260.000000; 55250.000000; 55265.000000; 55240.000000; 3495.900000; 3495.000000; 3496.000000; 3495.000000;
496; 2016-04-29 09:09:03.100 BRT; 55260.000000; 55250.000000; 55265.000000; 55240.000000; 3495.900000; 3495.000000; 3496.000000; 3495.000000;
497; 2016-04-29 09:09:04.111 BRT; 55260.000000; 55250.000000; 55265.000000; 55240.000000; 3495.900000; 3495.000000; 3496.000000; 3495.000000;
498; 2016-04-29 09:09:05.522 BRT; 55260.000000; 55250.000000; 55265.000000; 55240.000000; 3495.700000; 3495.000000; 3496.000000; 3494.000000;
499; 2016-04-29 09:09:06.525 BRT; 55260.000000; 55245.000000; 55265.000000; 55235.000000; 3495.700000; 3495.000000; 3496.000000; 3494.000000;
500; 2016-04-29 09:09:07.587 BRT; 55255.000000; 55240.000000; 55260.000000; 55235.000000; 3495.900000; 3494.100000; 3495.500000; 3493.000000;
501; 2016-04-29 09:09:08.801 BRT; 55255.000000; 55240.000000; 55260.000000; 55235.000000; 3495.700000; 3494.000000; 3495.500000; 3493.500000;
502; 2016-04-29 09:09:10.260 BRT; 55256.000000; 55240.000000; 55260.000000; 55235.000000; 3495.900000; 3494.000000; 3495.500000; 3493.500000;
503; 2016-04-29 09:09:11.907 BRT; 55255.000000; 55240.000000; 55260.000000; 55235.000000; 3496.300000; 3494.200000; 3496.000000; 3494.500000;
504; 2016-04-29 09:09:13.330 BRT; 55255.000000; 55240.000000; 55260.000000; 55235.000000; 3496.000000; 3495.000000; 3495.500000; 3494.000000;
505; 2016-04-29 09:09:14.880 BRT; 55250.000000; 55240.000000; 55260.000000; 55230.000000; 3496.000000; 3495.000000; 3495.500000; 3494.500000;
506; 2016-04-29 09:09:15.161 BRT; 55250.000000; 55237.000000; 55260.000000; 55230.000000; 3496.000000; 3495.000000; 3495.000000; 3494.500000;
507; 2016-04-29 09:09:16.208 BRT; 55250.000000; 55239.000000; 55260.000000; 55230.000000; 3496.000000; 3495.000000; 3495.000000; 3494.500000;
508; 2016-04-29 09:09:17.378 BRT; 55250.000000; 55239.000000; 55260.000000; 55230.000000; 3496.000000; 3494.200000; 3495.000000; 3494.000000;
509; 2016-04-29 09:09:18.420 BRT; 55250.000000; 55236.000000; 55255.000000; 55230.000000; 3496.000000; 3495.000000; 3495.000000; 3494.000000;
510; 2016-04-29 09:09:19.834 BRT; 55250.000000; 55236.000000; 55255.000000; 55230.000000; 3495.900000; 3495.000000; 3495.000000; 3494.500000;
511; 2016-04-29 09:09:21.970 BRT; 55250.000000; 55236.000000; 55255.000000; 55230.000000; 3495.900000; 3495.000000; 3495.000000; 3494.500000;
512; 2016-04-29 09:09:22.102 BRT; 55250.000000; 55236.000000; 55255.000000; 55230.000000; 3495.900000; 3495.000000; 3495.000000; 3494.500000;
513; 2016-04-29 09:09:23.370 BRT; 55250.000000; 55245.000000; 55255.000000; 55230.000000; 3495.900000; 3494.800000; 3495.000000; 3494.500000;
514; 2016-04-29 09:09:24.672 BRT; 55250.000000; 55236.000000; 55255.000000; 55230.000000; 3495.500000; 3494.000000; 3495.000000; 3493.500000;
515; 2016-04-29 09:09:25.767 BRT; 55250.000000; 55237.000000; 55255.000000; 55230.000000; 3495.500000; 3494.000000; 3495.000000; 3493.500000;
516; 2016-04-29 09:09:26.945 BRT; 55250.000000; 55237.000000; 55255.000000; 55230.000000; 3495.500000; 3494.000000; 3495.000000; 3493.500000;
517; 2016-04-29 09:09:27.949 BRT; 55255.000000; 55242.000000; 55265.000000; 55230.000000; 3494.100000; 3492.200000; 3494.000000; 3492.500000;
518; 2016-04-29 09:09:28.965 BRT; 55255.000000; 55245.000000; 55255.000000; 55235.000000; 3493.500000; 3492.000000; 3493.500000; 3492.000000;
519; 2016-04-29 09:09:30.400 BRT; 55255.000000; 55245.000000; 55255.000000; 55235.000000; 3493.800000; 3492.100000; 3493.500000; 3493.000000;
520; 2016-04-29 09:09:31.200 BRT; 55255.000000; 55245.000000; 55255.000000; 55235.000000; 3494.000000; 3492.100000; 3493.500000; 3493.000000;
521; 2016-04-29 09:09:32.115 BRT; 55255.000000; 55245.000000; 55255.000000; 55235.000000; 3494.000000; 3492.100000; 3493.500000; 3493.000000;
522; 2016-04-29 09:09:33.411 BRT; 55255.000000; 55245.000000; 55255.000000; 55235.000000; 3493.100000; 3491.600000; 3492.500000; 3491.000000;
523; 2016-04-29 09:09:34.527 BRT; 55255.000000; 55240.000000; 55255.000000; 55235.000000; 3492.800000; 3491.600000; 3492.500000; 3491.000000;
524; 2016-04-29 09:09:36.570 BRT; 55255.000000; 55249.000000; 55255.000000; 55235.000000; 3492.800000; 3491.500000; 3492.500000; 3491.000000;
525; 2016-04-29 09:09:37.610 BRT; 55255.000000; 55247.000000; 55255.000000; 55235.000000; 3492.700000; 3491.500000; 3492.500000; 3491.000000;
526; 2016-04-29 09:09:38.750 BRT; 55250.000000; 55240.000000; 55255.000000; 55235.000000; 3492.700000; 3491.500000; 3492.500000; 3491.000000;
527; 2016-04-29 09:09:39.138 BRT; 55250.000000; 55245.000000; 55255.000000; 55235.000000; 3492.900000; 3491.500000; 3492.500000; 3491.000000;
528; 2016-04-29 09:09:40.248 BRT; 55250.000000; 55245.000000; 55255.000000; 55235.000000; 3492.700000; 3491.500000; 3492.500000; 3491.000000;
529; 2016-04-29 09:09:41.278 BRT; 55250.000000; 55242.000000; 55255.000000; 55235.000000; 3492.700000; 3491.500000; 3492.500000; 3491.000000;
530; 2016-04-29 09:09:42.349 BRT; 55250.000000; 55242.000000; 55255.000000; 55235.000000; 3492.700000; 3491.900000; 3492.500000; 3491.500000;
531; 2016-04-29 09:09:43.658 BRT; 55250.000000; 55242.000000; 55255.000000; 55235.000000; 3492.700000; 3491.900000; 3492.500000; 3491.500000;
532; 2016-04-29 09:09:44.739 BRT; 55250.000000; 55242.000000; 55255.000000; 55235.000000; 3493.000000; 3492.000000; 3492.500000; 3491.500000;
533; 2016-04-29 09:09:46.570 BRT; 55250.000000; 55242.000000; 55255.000000; 55235.000000; 3493.200000; 3492.000000; 3493.000000; 3491.500000;
534; 2016-04-29 09:09:47.860 BRT; 55250.000000; 55242.000000; 55255.000000; 55235.000000; 3493.200000; 3492.100000; 3493.000000; 3492.000000;
535; 2016-04-29 09:09:48.132 BRT; 55255.000000; 55242.000000; 55255.000000; 55235.000000; 3493.500000; 3492.100000; 3493.000000; 3492.000000;
536; 2016-04-29 09:09:49.441 BRT; 55255.000000; 55245.000000; 55255.000000; 55235.000000; 3493.500000; 3492.100000; 3493.000000; 3492.000000;
537; 2016-04-29 09:09:50.543 BRT; 55255.000000; 55246.000000; 55255.000000; 55235.000000; 3493.500000; 3492.100000; 3493.000000; 3492.000000;
538; 2016-04-29 09:09:51.644 BRT; 55255.000000; 55246.000000; 55255.000000; 55235.000000; 3493.500000; 3492.200000; 3493.000000; 3492.000000;
539; 2016-04-29 09:09:52.805 BRT; 55255.000000; 55246.000000; 55255.000000; 55235.000000; 3493.500000; 3492.200000; 3493.000000; 3492.000000;
540; 2016-04-29 09:09:53.944 BRT; 55256.000000; 55246.000000; 55255.000000; 55235.000000; 3493.700000; 3492.200000; 3493.500000; 3492.000000;
541; 2016-04-29 09:09:54.964 BRT; 55250.000000; 55239.000000; 55255.000000; 55235.000000; 3493.700000; 3492.200000; 3493.500000; 3492.000000;
542; 2016-04-29 09:09:56.700 BRT; 55250.000000; 55239.000000; 55255.000000; 55235.000000; 3493.700000; 3492.400000; 3493.500000; 3492.000000;
543; 2016-04-29 09:09:57.840 BRT; 55240.000000; 55225.000000; 55255.000000; 55225.000000; 3493.700000; 3492.300000; 3493.500000; 3492.000000;
544; 2016-04-29 09:09:58.184 BRT; 55235.000000; 55220.000000; 55245.000000; 55210.000000; 3493.900000; 3492.500000; 3493.500000; 3492.000000;
545; 2016-04-29 09:09:59.251 BRT; 55215.000000; 55203.000000; 55225.000000; 55205.000000; 3493.900000; 3492.500000; 3493.500000; 3492.000000;
546; 2016-04-29 09:10:00.280 BRT; 55215.000000; 55200.000000; 55225.000000; 55205.000000; 3493.900000; 3492.500000; 3493.500000; 3492.000000;
547; 2016-04-29 09:10:01.288 BRT; 55217.000000; 55204.000000; 55225.000000; 55205.000000; 3494.000000; 3492.500000; 3493.500000; 3492.000000;
548; 2016-04-29 09:10:02.312 BRT; 55215.000000; 55205.000000; 55225.000000; 55205.000000; 3493.900000; 3492.500000; 3493.500000; 3492.000000;
549; 2016-04-29 09:10:03.356 BRT; 55220.000000; 55208.000000; 55225.000000; 55205.000000; 3493.900000; 3492.500000; 3493.500000; 3492.000000;
550; 2016-04-29 09:10:04.376 BRT; 55218.000000; 55205.000000; 55225.000000; 55205.000000; 3493.600000; 3492.500000; 3493.500000; 3492.000000;
551; 2016-04-29 09:10:05.397 BRT; 55225.000000; 55215.000000; 55235.000000; 55210.000000; 3493.600000; 3492.500000; 3493.500000; 3492.000000;
552; 2016-04-29 09:10:06.459 BRT; 55225.000000; 55215.000000; 55235.000000; 55210.000000; 3492.400000; 3491.000000; 3492.000000; 3490.500000;
553; 2016-04-29 09:10:07.502 BRT; 55225.000000; 55212.000000; 55235.000000; 55210.000000; 3492.500000; 3491.000000; 3492.000000; 3490.500000;
554; 2016-04-29 09:10:08.509 BRT; 55230.000000; 55214.000000; 55235.000000; 55210.000000; 3492.400000; 3491.000000; 3492.000000; 3490.500000;
555; 2016-04-29 09:10:09.620 BRT; 55235.000000; 55220.000000; 55245.000000; 55210.000000; 3492.100000; 3491.000000; 3492.000000; 3490.000000;
556; 2016-04-29 09:10:10.733 BRT; 55235.000000; 55222.000000; 55245.000000; 55210.000000; 3491.900000; 3491.000000; 3491.500000; 3490.000000;
557; 2016-04-29 09:10:11.906 BRT; 55235.000000; 55222.000000; 55245.000000; 55210.000000; 3491.900000; 3491.000000; 3491.500000; 3490.000000;
558; 2016-04-29 09:10:12.911 BRT; 55230.000000; 55217.000000; 55245.000000; 55210.000000; 3491.900000; 3491.000000; 3491.500000; 3490.000000;
559; 2016-04-29 09:10:14.780 BRT; 55230.000000; 55216.000000; 55235.000000; 55210.000000; 3491.900000; 3491.000000; 3491.500000; 3490.000000;
560; 2016-04-29 09:10:15.950 BRT; 55230.000000; 55220.000000; 55235.000000; 55210.000000; 3491.900000; 3491.000000; 3491.500000; 3490.000000;
561; 2016-04-29 09:10:16.148 BRT; 55230.000000; 55218.000000; 55235.000000; 55210.000000; 3492.000000; 3491.000000; 3491.500000; 3490.000000;
562; 2016-04-29 09:10:17.170 BRT; 55232.000000; 55220.000000; 55245.000000; 55210.000000; 3491.000000; 3490.200000; 3491.500000; 3490.000000;
563; 2016-04-29 09:10:18.171 BRT; 55230.000000; 55220.000000; 55245.000000; 55210.000000; 3491.000000; 3490.300000; 3491.500000; 3490.000000;
564; 2016-04-29 09:10:19.403 BRT; 55230.000000; 55220.000000; 55245.000000; 55210.000000; 3491.000000; 3490.300000; 3491.500000; 3490.000000;
565; 2016-04-29 09:10:20.442 BRT; 55235.000000; 55220.000000; 55245.000000; 55210.000000; 3491.000000; 3490.100000; 3491.500000; 3490.000000;
566; 2016-04-29 09:10:21.500 BRT; 55230.000000; 55220.000000; 55245.000000; 55210.000000; 3491.000000; 3490.000000; 3491.500000; 3490.000000;
567; 2016-04-29 09:10:22.552 BRT; 55235.000000; 55225.000000; 55245.000000; 55215.000000; 3491.000000; 3490.000000; 3491.500000; 3490.000000;
568; 2016-04-29 09:10:23.583 BRT; 55265.000000; 55255.000000; 55275.000000; 55250.000000; 3491.000000; 3490.000000; 3491.500000; 3490.000000;
569; 2016-04-29 09:10:24.585 BRT; 55273.000000; 55260.000000; 55275.000000; 55250.000000; 3491.000000; 3490.500000; 3491.500000; 3490.000000;
570; 2016-04-29 09:10:25.630 BRT; 55280.000000; 55270.000000; 55290.000000; 55255.000000; 3491.000000; 3490.500000; 3491.500000; 3490.000000;
571; 2016-04-29 09:10:26.655 BRT; 55280.000000; 55270.000000; 55290.000000; 55255.000000; 3491.000000; 3490.500000; 3491.500000; 3490.000000;
572; 2016-04-29 09:10:27.682 BRT; 55275.000000; 55265.000000; 55290.000000; 55255.000000; 3491.000000; 3490.400000; 3491.500000; 3490.000000;
573; 2016-04-29 09:10:28.696 BRT; 55280.000000; 55270.000000; 55290.000000; 55255.000000; 3491.000000; 3490.000000; 3491.000000; 3490.000000;
574; 2016-04-29 09:10:29.763 BRT; 55280.000000; 55270.000000; 55290.000000; 55255.000000; 3491.000000; 3490.000000; 3491.000000; 3490.000000;
575; 2016-04-29 09:10:30.965 BRT; 55280.000000; 55272.000000; 55290.000000; 55255.000000; 3491.000000; 3490.100000; 3491.000000; 3490.000000;
576; 2016-04-29 09:10:31.989 BRT; 55280.000000; 55269.000000; 55290.000000; 55255.000000; 3491.000000; 3490.100000; 3491.000000; 3490.000000;
577; 2016-04-29 09:10:33.660 BRT; 55280.000000; 55269.000000; 55290.000000; 55260.000000; 3491.000000; 3490.100000; 3491.000000; 3490.000000;
578; 2016-04-29 09:10:34.124 BRT; 55280.000000; 55270.000000; 55290.000000; 55260.000000; 3491.000000; 3489.800000; 3490.500000; 3490.000000;
579; 2016-04-29 09:10:35.148 BRT; 55280.000000; 55270.000000; 55290.000000; 55260.000000; 3490.800000; 3489.500000; 3490.500000; 3490.000000;
580; 2016-04-29 09:10:36.151 BRT; 55280.000000; 55270.000000; 55290.000000; 55260.000000; 3490.800000; 3489.500000; 3490.000000; 3488.500000;
581; 2016-04-29 09:10:37.245 BRT; 55285.000000; 55275.000000; 55290.000000; 55265.000000; 3490.800000; 3489.200000; 3490.500000; 3490.000000;
582; 2016-04-29 09:10:38.249 BRT; 55285.000000; 55270.000000; 55295.000000; 55260.000000; 3490.000000; 3489.500000; 3490.500000; 3490.000000;
583; 2016-04-29 09:10:39.253 BRT; 55280.000000; 55270.000000; 55290.000000; 55260.000000; 3490.000000; 3489.500000; 3490.500000; 3490.000000;
584; 2016-04-29 09:10:40.272 BRT; 55284.000000; 55270.000000; 55295.000000; 55260.000000; 3490.000000; 3489.500000; 3490.500000; 3490.000000;
585; 2016-04-29 09:10:41.497 BRT; 55284.000000; 55270.000000; 55295.000000; 55260.000000; 3490.000000; 3489.500000; 3490.500000; 3490.000000;
586; 2016-04-29 09:10:42.681 BRT; 55280.000000; 55270.000000; 55290.000000; 55260.000000; 3490.000000; 3489.500000; 3490.500000; 3490.000000;
587; 2016-04-29 09:10:44.172 BRT; 55280.000000; 55269.000000; 55290.000000; 55260.000000; 3490.000000; 3489.500000; 3490.500000; 3490.000000;
588; 2016-04-29 09:10:45.207 BRT; 55280.000000; 55267.000000; 55290.000000; 55260.000000; 3490.000000; 3489.500000; 3490.500000; 3490.000000;
589; 2016-04-29 09:10:46.256 BRT; 55280.000000; 55267.000000; 55290.000000; 55260.000000; 3490.000000; 3489.500000; 3490.500000; 3490.000000;
590; 2016-04-29 09:10:47.355 BRT; 55280.000000; 55265.000000; 55290.000000; 55260.000000; 3490.000000; 3489.500000; 3490.500000; 3490.000000;
591; 2016-04-29 09:10:48.374 BRT; 55280.000000; 55270.000000; 55290.000000; 55260.000000; 3491.000000; 3490.000000; 3490.500000; 3490.000000;
592; 2016-04-29 09:10:49.444 BRT; 55275.000000; 55265.000000; 55290.000000; 55260.000000; 3491.000000; 3490.000000; 3490.500000; 3490.000000;
593; 2016-04-29 09:10:50.460 BRT; 55270.000000; 55265.000000; 55290.000000; 55260.000000; 3491.000000; 3490.000000; 3490.500000; 3490.000000;
594; 2016-04-29 09:10:51.533 BRT; 55270.000000; 55265.000000; 55290.000000; 55260.000000; 3490.900000; 3490.000000; 3490.500000; 3490.000000;
595; 2016-04-29 09:10:52.572 BRT; 55270.000000; 55265.000000; 55280.000000; 55260.000000; 3490.900000; 3490.000000; 3490.500000; 3490.000000;
596; 2016-04-29 09:10:53.595 BRT; 55276.000000; 55265.000000; 55290.000000; 55260.000000; 3490.800000; 3490.000000; 3490.500000; 3489.500000;
597; 2016-04-29 09:10:54.628 BRT; 55275.000000; 55265.000000; 55290.000000; 55260.000000; 3490.400000; 3489.500000; 3490.000000; 3489.000000;
598; 2016-04-29 09:10:55.655 BRT; 55275.000000; 55265.000000; 55290.000000; 55260.000000; 3490.300000; 3489.100000; 3490.000000; 3489.000000;
599; 2016-04-29 09:10:56.663 BRT; 55275.000000; 55265.000000; 55290.000000; 55260.000000; 3490.300000; 3489.200000; 3490.000000; 3489.500000;
600; 2016-04-29 09:10:57.819 BRT; 55275.000000; 55265.000000; 55290.000000; 55260.000000; 3489.500000; 3489.000000; 3490.000000; 3489.500000;
601; 2016-04-29 09:10:58.912 BRT; 55275.000000; 55265.000000; 55290.000000; 55260.000000; 3489.500000; 3489.000000; 3490.000000; 3489.500000;
602; 2016-04-29 09:10:59.957 BRT; 55275.000000; 55265.000000; 55290.000000; 55260.000000; 3489.800000; 3489.000000; 3490.000000; 3489.500000;
603; 2016-04-29 09:11:00.969 BRT; 55275.000000; 55265.000000; 55290.000000; 55260.000000; 3490.200000; 3489.500000; 3490.000000; 3489.500000;
604; 2016-04-29 09:11:01.983 BRT; 55275.000000; 55265.000000; 55290.000000; 55260.000000; 3490.200000; 3489.500000; 3490.000000; 3489.500000;
605; 2016-04-29 09:11:03.450 BRT; 55275.000000; 55265.000000; 55290.000000; 55260.000000; 3490.200000; 3489.500000; 3490.000000; 3489.500000;
606; 2016-04-29 09:11:04.111 BRT; 55275.000000; 55260.000000; 55280.000000; 55260.000000; 3490.400000; 3489.500000; 3490.000000; 3489.500000;
607; 2016-04-29 09:11:05.274 BRT; 55275.000000; 55260.000000; 55280.000000; 55260.000000; 3490.400000; 3489.500000; 3490.000000; 3489.500000;
608; 2016-04-29 09:11:06.476 BRT; 55275.000000; 55270.000000; 55290.000000; 55260.000000; 3490.300000; 3489.500000; 3490.000000; 3489.500000;
609; 2016-04-29 09:11:07.560 BRT; 55275.000000; 55270.000000; 55290.000000; 55260.000000; 3490.300000; 3489.500000; 3490.000000; 3489.500000;
610; 2016-04-29 09:11:08.923 BRT; 55275.000000; 55270.000000; 55290.000000; 55260.000000; 3490.000000; 3489.500000; 3490.000000; 3489.500000;
611; 2016-04-29 09:11:10.549 BRT; 55277.000000; 55269.000000; 55290.000000; 55260.000000; 3490.000000; 3489.500000; 3490.000000; 3489.500000;
612; 2016-04-29 09:11:11.564 BRT; 55277.000000; 55269.000000; 55290.000000; 55260.000000; 3490.000000; 3489.500000; 3490.000000; 3489.500000;
613; 2016-04-29 09:11:12.641 BRT; 55278.000000; 55270.000000; 55290.000000; 55260.000000; 3490.000000; 3489.500000; 3490.000000; 3489.500000;
614; 2016-04-29 09:11:14.271 BRT; 55278.000000; 55270.000000; 55290.000000; 55260.000000; 3490.900000; 3489.500000; 3490.500000; 3490.000000;
615; 2016-04-29 09:11:15.340 BRT; 55280.000000; 55270.000000; 55290.000000; 55260.000000; 3490.500000; 3489.500000; 3490.000000; 3489.000000;
616; 2016-04-29 09:11:16.410 BRT; 55280.000000; 55270.000000; 55290.000000; 55260.000000; 3490.700000; 3489.500000; 3490.000000; 3489.000000;
617; 2016-04-29 09:11:17.491 BRT; 55280.000000; 55270.000000; 55290.000000; 55260.000000; 3490.700000; 3489.500000; 3490.000000; 3489.000000;
618; 2016-04-29 09:11:18.644 BRT; 55284.000000; 55270.000000; 55290.000000; 55255.000000; 3490.800000; 3489.500000; 3490.000000; 3489.000000;
619; 2016-04-29 09:11:19.664 BRT; 55285.000000; 55275.000000; 55290.000000; 55265.000000; 3490.800000; 3489.500000; 3490.000000; 3489.000000;
620; 2016-04-29 09:11:20.742 BRT; 55285.000000; 55275.000000; 55290.000000; 55265.000000; 3490.800000; 3489.500000; 3490.000000; 3489.000000;
621; 2016-04-29 09:11:21.797 BRT; 55285.000000; 55275.000000; 55290.000000; 55265.000000; 3490.500000; 3490.000000; 3490.000000; 3489.500000;
622; 2016-04-29 09:11:22.892 BRT; 55287.000000; 55280.000000; 55290.000000; 55265.000000; 3490.500000; 3490.000000; 3490.000000; 3489.500000;
623; 2016-04-29 09:11:24.124 BRT; 55288.000000; 55280.000000; 55290.000000; 55265.000000; 3490.500000; 3490.000000; 3490.000000; 3489.500000;
624; 2016-04-29 09:11:25.228 BRT; 55289.000000; 55280.000000; 55290.000000; 55265.000000; 3490.500000; 3490.000000; 3490.000000; 3489.500000;
625; 2016-04-29 09:11:26.327 BRT; 55290.000000; 55285.000000; 55290.000000; 55275.000000; 3490.500000; 3489.900000; 3490.000000; 3489.500000;
626; 2016-04-29 09:11:27.476 BRT; 55290.000000; 55285.000000; 55290.000000; 55275.000000; 3490.000000; 3489.500000; 3490.000000; 3489.000000;
627; 2016-04-29 09:11:28.500 BRT; 55290.000000; 55280.000000; 55290.000000; 55275.000000; 3490.400000; 3489.500000; 3490.000000; 3489.000000;
628; 2016-04-29 09:11:29.585 BRT; 55293.000000; 55285.000000; 55300.000000; 55275.000000; 3490.400000; 3489.500000; 3490.000000; 3489.000000;
629; 2016-04-29 09:11:30.610 BRT; 55304.000000; 55290.000000; 55310.000000; 55275.000000; 3490.400000; 3489.500000; 3490.000000; 3489.000000;
630; 2016-04-29 09:11:31.626 BRT; 55306.000000; 55295.000000; 55315.000000; 55290.000000; 3489.000000; 3488.000000; 3488.500000; 3488.000000;
631; 2016-04-29 09:11:32.745 BRT; 55312.000000; 55300.000000; 55320.000000; 55290.000000; 3488.900000; 3488.000000; 3488.500000; 3487.500000;
632; 2016-04-29 09:11:33.887 BRT; 55311.000000; 55300.000000; 55320.000000; 55290.000000; 3488.900000; 3488.000000; 3488.500000; 3487.500000;
633; 2016-04-29 09:11:34.892 BRT; 55315.000000; 55305.000000; 55325.000000; 55295.000000; 3488.700000; 3487.300000; 3488.500000; 3487.500000;
634; 2016-04-29 09:11:35.905 BRT; 55315.000000; 55305.000000; 55325.000000; 55295.000000; 3488.900000; 3487.300000; 3488.500000; 3487.500000;
635; 2016-04-29 09:11:36.916 BRT; 55315.000000; 55305.000000; 55325.000000; 55295.000000; 3488.900000; 3487.500000; 3488.500000; 3487.500000;
636; 2016-04-29 09:11:37.918 BRT; 55315.000000; 55305.000000; 55325.000000; 55295.000000; 3488.600000; 3487.500000; 3488.500000; 3487.500000;
637; 2016-04-29 09:11:39.123 BRT; 55315.000000; 55305.000000; 55325.000000; 55295.000000; 3488.600000; 3487.500000; 3488.500000; 3487.500000;
638; 2016-04-29 09:11:40.226 BRT; 55309.000000; 55300.000000; 55320.000000; 55295.000000; 3488.600000; 3487.400000; 3488.500000; 3487.500000;
639; 2016-04-29 09:11:41.301 BRT; 55310.000000; 55300.000000; 55320.000000; 55290.000000; 3488.600000; 3487.500000; 3488.500000; 3487.500000;
640; 2016-04-29 09:11:42.363 BRT; 55310.000000; 55300.000000; 55320.000000; 55290.000000; 3488.600000; 3487.500000; 3488.500000; 3487.500000;
641; 2016-04-29 09:11:43.476 BRT; 55300.000000; 55295.000000; 55315.000000; 55285.000000; 3488.600000; 3487.500000; 3488.500000; 3487.500000;
642; 2016-04-29 09:11:44.968 BRT; 55305.000000; 55295.000000; 55315.000000; 55285.000000; 3488.600000; 3487.500000; 3488.500000; 3487.500000;
643; 2016-04-29 09:11:46.806 BRT; 55305.000000; 55295.000000; 55315.000000; 55285.000000; 3488.700000; 3487.500000; 3488.500000; 3487.500000;
644; 2016-04-29 09:11:47.978 BRT; 55310.000000; 55298.000000; 55315.000000; 55290.000000; 3488.700000; 3487.600000; 3488.500000; 3487.500000;
645; 2016-04-29 09:11:49.800 BRT; 55310.000000; 55298.000000; 55315.000000; 55290.000000; 3488.700000; 3487.600000; 3488.500000; 3487.500000;
646; 2016-04-29 09:11:50.384 BRT; 55310.000000; 55298.000000; 55315.000000; 55290.000000; 3488.900000; 3487.600000; 3488.500000; 3487.500000;
647; 2016-04-29 09:11:51.399 BRT; 55310.000000; 55297.000000; 55315.000000; 55290.000000; 3488.900000; 3487.600000; 3488.500000; 3487.500000;
648; 2016-04-29 09:11:52.666 BRT; 55310.000000; 55297.000000; 55315.000000; 55290.000000; 3489.000000; 3487.800000; 3489.000000; 3488.000000;
649; 2016-04-29 09:11:53.908 BRT; 55310.000000; 55300.000000; 55315.000000; 55290.000000; 3489.000000; 3488.000000; 3489.000000; 3488.000000;
650; 2016-04-29 09:11:54.938 BRT; 55310.000000; 55303.000000; 55325.000000; 55295.000000; 3489.000000; 3487.700000; 3489.000000; 3487.500000;
651; 2016-04-29 09:11:55.948 BRT; 55313.000000; 55300.000000; 55325.000000; 55295.000000; 3489.000000; 3487.900000; 3489.000000; 3487.500000;
652; 2016-04-29 09:11:57.138 BRT; 55315.000000; 55305.000000; 55325.000000; 55295.000000; 3489.000000; 3488.000000; 3489.000000; 3488.000000;
653; 2016-04-29 09:11:58.236 BRT; 55320.000000; 55310.000000; 55325.000000; 55295.000000; 3489.000000; 3487.700000; 3489.000000; 3487.500000;
654; 2016-04-29 09:11:59.244 BRT; 55335.000000; 55325.000000; 55345.000000; 55315.000000; 3488.700000; 3487.700000; 3488.500000; 3487.500000;
655; 2016-04-29 09:12:00.464 BRT; 55335.000000; 55325.000000; 55345.000000; 55315.000000; 3488.900000; 3487.700000; 3488.500000; 3487.500000;
656; 2016-04-29 09:12:01.469 BRT; 55340.000000; 55330.000000; 55340.000000; 55315.000000; 3489.000000; 3487.700000; 3489.000000; 3487.500000;
657; 2016-04-29 09:12:02.534 BRT; 55342.000000; 55330.000000; 55340.000000; 55315.000000; 3489.000000; 3487.900000; 3489.000000; 3487.500000;
658; 2016-04-29 09:12:03.534 BRT; 55385.000000; 55375.000000; 55385.000000; 55370.000000; 3489.000000; 3488.000000; 3489.000000; 3487.500000;
659; 2016-04-29 09:12:04.541 BRT; 55395.000000; 55380.000000; 55395.000000; 55370.000000; 3489.000000; 3488.100000; 3489.000000; 3488.000000;
660; 2016-04-29 09:12:05.550 BRT; 55398.000000; 55385.000000; 55395.000000; 55375.000000; 3489.000000; 3488.100000; 3489.000000; 3488.000000;
661; 2016-04-29 09:12:06.583 BRT; 55395.000000; 55385.000000; 55395.000000; 55370.000000; 3489.000000; 3487.600000; 3489.000000; 3488.000000;
662; 2016-04-29 09:12:07.602 BRT; 55394.000000; 55380.000000; 55395.000000; 55365.000000; 3489.000000; 3487.600000; 3489.000000; 3488.000000;
663; 2016-04-29 09:12:08.612 BRT; 55380.000000; 55370.000000; 55390.000000; 55360.000000; 3489.000000; 3487.700000; 3489.000000; 3488.000000;
664; 2016-04-29 09:12:09.615 BRT; 55380.000000; 55365.000000; 55390.000000; 55355.000000; 3489.000000; 3487.600000; 3488.500000; 3487.500000;
665; 2016-04-29 09:12:10.666 BRT; 55373.000000; 55360.000000; 55385.000000; 55350.000000; 3489.000000; 3487.600000; 3488.500000; 3487.500000;
666; 2016-04-29 09:12:11.680 BRT; 55373.000000; 55356.000000; 55385.000000; 55350.000000; 3489.000000; 3487.600000; 3488.500000; 3487.500000;
667; 2016-04-29 09:12:12.775 BRT; 55370.000000; 55356.000000; 55385.000000; 55350.000000; 3488.500000; 3487.600000; 3488.000000; 3487.500000;
668; 2016-04-29 09:12:13.809 BRT; 55370.000000; 55360.000000; 55375.000000; 55350.000000; 3488.500000; 3487.500000; 3488.000000; 3487.500000;
669; 2016-04-29 09:12:14.892 BRT; 55370.000000; 55357.000000; 55375.000000; 55350.000000; 3488.500000; 3487.500000; 3488.000000; 3487.500000;
670; 2016-04-29 09:12:15.961 BRT; 55375.000000; 55360.000000; 55385.000000; 55355.000000; 3488.500000; 3487.500000; 3488.000000; 3487.500000;
671; 2016-04-29 09:12:17.500 BRT; 55376.000000; 55361.000000; 55385.000000; 55355.000000; 3488.500000; 3487.500000; 3488.000000; 3487.500000;
672; 2016-04-29 09:12:18.720 BRT; 55371.000000; 55360.000000; 55385.000000; 55350.000000; 3488.500000; 3487.500000; 3488.000000; 3487.500000;
673; 2016-04-29 09:12:19.910 BRT; 55365.000000; 55350.000000; 55370.000000; 55340.000000; 3488.500000; 3487.500000; 3488.000000; 3487.500000;
674; 2016-04-29 09:12:20.138 BRT; 55370.000000; 55355.000000; 55385.000000; 55340.000000; 3488.500000; 3487.500000; 3488.000000; 3487.500000;
675; 2016-04-29 09:12:21.140 BRT; 55365.000000; 55350.000000; 55375.000000; 55340.000000; 3488.500000; 3487.500000; 3488.000000; 3487.500000;
676; 2016-04-29 09:12:22.215 BRT; 55365.000000; 55350.000000; 55375.000000; 55340.000000; 3488.500000; 3487.500000; 3488.000000; 3487.500000;
677; 2016-04-29 09:12:23.226 BRT; 55370.000000; 55355.000000; 55385.000000; 55345.000000; 3488.500000; 3487.500000; 3488.000000; 3487.500000;
678; 2016-04-29 09:12:24.237 BRT; 55365.000000; 55355.000000; 55375.000000; 55345.000000; 3488.500000; 3487.500000; 3488.000000; 3487.500000;
679; 2016-04-29 09:12:25.272 BRT; 55365.000000; 55350.000000; 55375.000000; 55345.000000; 3488.500000; 3487.500000; 3488.000000; 3487.500000;
680; 2016-04-29 09:12:26.273 BRT; 55365.000000; 55350.000000; 55375.000000; 55340.000000; 3488.500000; 3488.000000; 3488.000000; 3487.500000;
681; 2016-04-29 09:12:27.302 BRT; 55364.000000; 55355.000000; 55375.000000; 55345.000000; 3489.000000; 3488.000000; 3489.000000; 3488.000000;
682; 2016-04-29 09:12:28.317 BRT; 55365.000000; 55355.000000; 55375.000000; 55345.000000; 3489.000000; 3488.000000; 3489.000000; 3488.000000;
683; 2016-04-29 09:12:29.386 BRT; 55365.000000; 55350.000000; 55375.000000; 55340.000000; 3489.000000; 3488.000000; 3488.500000; 3488.000000;
684; 2016-04-29 09:12:30.396 BRT; 55370.000000; 55358.000000; 55385.000000; 55350.000000; 3489.000000; 3488.000000; 3489.000000; 3488.000000;
685; 2016-04-29 09:12:31.483 BRT; 55375.000000; 55365.000000; 55385.000000; 55355.000000; 3489.000000; 3488.000000; 3489.000000; 3488.000000;
686; 2016-04-29 09:12:32.527 BRT; 55370.000000; 55358.000000; 55385.000000; 55345.000000; 3489.000000; 3488.000000; 3489.000000; 3488.000000;
687; 2016-04-29 09:12:33.627 BRT; 55365.000000; 55351.000000; 55375.000000; 55345.000000; 3488.800000; 3488.000000; 3488.500000; 3488.000000;
688; 2016-04-29 09:12:34.717 BRT; 55365.000000; 55351.000000; 55375.000000; 55345.000000; 3488.800000; 3488.000000; 3488.500000; 3488.000000;
689; 2016-04-29 09:12:35.722 BRT; 55365.000000; 55350.000000; 55370.000000; 55340.000000; 3488.800000; 3488.000000; 3488.500000; 3488.000000;
690; 2016-04-29 09:12:36.736 BRT; 55365.000000; 55350.000000; 55370.000000; 55340.000000; 3488.900000; 3488.000000; 3488.500000; 3488.000000;
691; 2016-04-29 09:12:37.839 BRT; 55365.000000; 55355.000000; 55375.000000; 55345.000000; 3489.000000; 3488.000000; 3488.500000; 3488.000000;
692; 2016-04-29 09:12:38.981 BRT; 55365.000000; 55355.000000; 55375.000000; 55345.000000; 3488.500000; 3488.000000; 3488.000000; 3487.500000;
693; 2016-04-29 09:12:40.187 BRT; 55362.000000; 55346.000000; 55375.000000; 55340.000000; 3488.500000; 3488.000000; 3488.000000; 3487.500000;
694; 2016-04-29 09:12:41.464 BRT; 55365.000000; 55350.000000; 55375.000000; 55340.000000; 3488.500000; 3488.000000; 3488.000000; 3487.500000;
695; 2016-04-29 09:12:42.760 BRT; 55360.000000; 55350.000000; 55370.000000; 55340.000000; 3489.000000; 3488.000000; 3489.000000; 3487.500000;
696; 2016-04-29 09:12:43.778 BRT; 55360.000000; 55350.000000; 55370.000000; 55340.000000; 3489.000000; 3488.000000; 3489.000000; 3487.500000;
697; 2016-04-29 09:12:44.798 BRT; 55360.000000; 55350.000000; 55370.000000; 55340.000000; 3489.200000; 3488.100000; 3489.500000; 3488.000000;
698; 2016-04-29 09:12:45.800 BRT; 55365.000000; 55350.000000; 55370.000000; 55345.000000; 3489.200000; 3488.100000; 3489.500000; 3488.000000;
699; 2016-04-29 09:12:47.102 BRT; 55360.000000; 55350.000000; 55370.000000; 55345.000000; 3489.300000; 3488.000000; 3489.500000; 3488.000000;
700; 2016-04-29 09:12:48.130 BRT; 55365.000000; 55350.000000; 55370.000000; 55345.000000; 3489.000000; 3488.000000; 3489.000000; 3488.000000;
701; 2016-04-29 09:12:49.180 BRT; 55367.000000; 55355.000000; 55375.000000; 55345.000000; 3489.000000; 3488.000000; 3489.000000; 3488.000000;
702; 2016-04-29 09:12:50.260 BRT; 55365.000000; 55355.000000; 55375.000000; 55345.000000; 3489.000000; 3488.000000; 3489.000000; 3488.000000;
703; 2016-04-29 09:12:51.483 BRT; 55365.000000; 55355.000000; 55375.000000; 55345.000000; 3489.100000; 3488.000000; 3489.000000; 3488.000000;
704; 2016-04-29 09:12:52.777 BRT; 55365.000000; 55355.000000; 55375.000000; 55345.000000; 3489.300000; 3488.000000; 3489.000000; 3488.000000;
705; 2016-04-29 09:12:53.777 BRT; 55365.000000; 55355.000000; 55375.000000; 55345.000000; 3489.800000; 3488.500000; 3490.000000; 3488.500000;
706; 2016-04-29 09:12:54.836 BRT; 55370.000000; 55355.000000; 55375.000000; 55345.000000; 3489.800000; 3488.600000; 3490.000000; 3488.500000;
707; 2016-04-29 09:12:55.867 BRT; 55366.000000; 55355.000000; 55375.000000; 55345.000000; 3489.800000; 3488.600000; 3490.000000; 3488.500000;
708; 2016-04-29 09:12:57.770 BRT; 55365.000000; 55355.000000; 55375.000000; 55345.000000; 3489.800000; 3488.600000; 3490.000000; 3488.500000;
