id; time; WIN<BUY_ASK,qty=5>; WIN<SELL_BID,qty=5>; IND<BUY_ASK,qty=1>; IND<SELL_BID,qty=1>; WDO<BUY_ASK,qty=5>; WDO<SELL_BID,qty=5>; DOL<BUY_ASK,qty=1>; DOL<SELL_BID,qty=1>;
0; 2016-04-28 09:00:00.336 BRT; 0.000000; 0.000000; 0.000000; 0.000000; 0.000000; 0.000000; 0.000000; 0.000000;
1; 2016-04-28 09:00:01.382 BRT; 0.000000; 0.000000; 0.000000; 0.000000; 0.000000; 0.000000; 0.000000; 0.000000;
2; 2016-04-28 09:00:02.621 BRT; 0.000000; 0.000000; 0.000000; 0.000000; 0.000000; 0.000000; 0.000000; 0.000000;
3; 2016-04-28 09:00:03.723 BRT; 0.000000; 0.000000; 0.000000; 0.000000; 0.000000; 0.000000; 0.000000; 0.000000;
4; 2016-04-28 09:00:04.865 BRT; 0.000000; 0.000000; 0.000000; 0.000000; 0.000000; 0.000000; 0.000000; 0.000000;
5; 2016-04-28 09:00:06.130 BRT; 0.000000; 0.000000; 0.000000; 0.000000; 0.000000; 0.000000; 0.000000; 0.000000;
6; 2016-04-28 09:00:07.155 BRT; 0.000000; 0.000000; 0.000000; 0.000000; 0.000000; 0.000000; 0.000000; 0.000000;
7; 2016-04-28 09:00:08.304 BRT; 0.000000; 0.000000; 0.000000; 0.000000; 0.000000; 0.000000; 0.000000; 0.000000;
8; 2016-04-28 09:00:09.428 BRT; 0.000000; 0.000000; 0.000000; 0.000000; 0.000000; 0.000000; 0.000000; 0.000000;
9; 2016-04-28 09:00:10.501 BRT; 0.000000; 0.000000; 0.000000; 0.000000; 0.000000; 0.000000; 0.000000; 0.000000;
10; 2016-04-28 09:00:11.571 BRT; 0.000000; 0.000000; 0.000000; 0.000000; 0.000000; 0.000000; 0.000000; 0.000000;
11; 2016-04-28 09:00:12.621 BRT; 0.000000; 0.000000; 0.000000; 0.000000; 0.000000; 0.000000; 0.000000; 0.000000;
12; 2016-04-28 09:00:13.799 BRT; 0.000000; 0.000000; 0.000000; 0.000000; 0.000000; 0.000000; 0.000000; 0.000000;
13; 2016-04-28 09:00:14.819 BRT; 0.000000; 0.000000; 0.000000; 0.000000; 0.000000; 0.000000; 0.000000; 0.000000;
14; 2016-04-28 09:00:15.909 BRT; 0.000000; 0.000000; 0.000000; 0.000000; 0.000000; 0.000000; 0.000000; 0.000000;
15; 2016-04-28 09:00:16.964 BRT; 0.000000; 0.000000; 0.000000; 0.000000; 0.000000; 0.000000; 0.000000; 0.000000;
16; 2016-04-28 09:00:18.149 BRT; 0.000000; 0.000000; 0.000000; 0.000000; 0.000000; 0.000000; 0.000000; 0.000000;
17; 2016-04-28 09:00:19.178 BRT; 0.000000; 0.000000; 0.000000; 0.000000; 0.000000; 0.000000; 0.000000; 0.000000;
18; 2016-04-28 09:00:20.399 BRT; 0.000000; 0.000000; 0.000000; 0.000000; 0.000000; 0.000000; 0.000000; 0.000000;
19; 2016-04-28 09:00:21.453 BRT; 0.000000; 0.000000; 0.000000; 0.000000; 0.000000; 0.000000; 0.000000; 0.000000;
20; 2016-04-28 09:00:22.499 BRT; 0.000000; 0.000000; 0.000000; 0.000000; 0.000000; 0.000000; 0.000000; 0.000000;
21; 2016-04-28 09:00:23.856 BRT; 0.000000; 0.000000; 0.000000; 0.000000; 0.000000; 0.000000; 0.000000; 0.000000;
22; 2016-04-28 09:00:25.920 BRT; 0.000000; 0.000000; 0.000000; 0.000000; 0.000000; 0.000000; 0.000000; 0.000000;
23; 2016-04-28 09:00:26.153 BRT; 0.000000; 0.000000; 0.000000; 0.000000; 0.000000; 0.000000; 0.000000; 0.000000;
24; 2016-04-28 09:00:27.164 BRT; 0.000000; 0.000000; 0.000000; 0.000000; 0.000000; 0.000000; 0.000000; 0.000000;
25; 2016-04-28 09:00:28.216 BRT; 0.000000; 0.000000; 0.000000; 0.000000; 0.000000; 0.000000; 0.000000; 0.000000;
26; 2016-04-28 09:00:29.338 BRT; 0.000000; 0.000000; 0.000000; 0.000000; 0.000000; 0.000000; 0.000000; 0.000000;
27; 2016-04-28 09:00:30.421 BRT; 0.000000; 0.000000; 0.000000; 0.000000; 0.000000; 0.000000; 0.000000; 0.000000;
28; 2016-04-28 09:00:31.458 BRT; 0.000000; 0.000000; 0.000000; 0.000000; 0.000000; 0.000000; 0.000000; 0.000000;
29; 2016-04-28 09:00:32.520 BRT; 0.000000; 0.000000; 0.000000; 0.000000; 0.000000; 0.000000; 0.000000; 0.000000;
30; 2016-04-28 09:00:33.770 BRT; 0.000000; 0.000000; 0.000000; 0.000000; 0.000000; 0.000000; 0.000000; 0.000000;
31; 2016-04-28 09:00:34.899 BRT; 0.000000; 0.000000; 0.000000; 0.000000; 0.000000; 0.000000; 0.000000; 0.000000;
32; 2016-04-28 09:00:35.930 BRT; 0.000000; 0.000000; 0.000000; 0.000000; 0.000000; 0.000000; 0.000000; 0.000000;
33; 2016-04-28 09:00:36.939 BRT; 0.000000; 0.000000; 0.000000; 0.000000; 0.000000; 0.000000; 0.000000; 0.000000;
34; 2016-04-28 09:00:38.700 BRT; 0.000000; 0.000000; 0.000000; 0.000000; 0.000000; 0.000000; 0.000000; 0.000000;
35; 2016-04-28 09:00:39.260 BRT; 55065.000000; 55035.000000; 0.000000; 0.000000; 0.000000; 0.000000; 0.000000; 0.000000;
36; 2016-04-28 09:00:40.126 BRT; 55084.000000; 55075.000000; 0.000000; 0.000000; 0.000000; 0.000000; 0.000000; 0.000000;
37; 2016-04-28 09:00:41.131 BRT; 55059.000000; 55047.000000; 0.000000; 0.000000; 3523.000000; 3522.000000; 0.000000; 0.000000;
38; 2016-04-28 09:00:42.163 BRT; 55067.000000; 55050.000000; 0.000000; 0.000000; 3523.000000; 3520.400000; 0.000000; 0.000000;
39; 2016-04-28 09:00:43.220 BRT; 55073.000000; 55050.000000; 0.000000; 0.000000; 3522.300000; 3520.000000; 0.000000; 0.000000;
40; 2016-04-28 09:00:44.234 BRT; 55095.000000; 55072.000000; 0.000000; 0.000000; 3523.000000; 3521.000000; 0.000000; 0.000000;
41; 2016-04-28 09:00:45.239 BRT; 55095.000000; 55081.000000; 0.000000; 0.000000; 3523.000000; 3521.200000; 0.000000; 0.000000;
42; 2016-04-28 09:00:46.242 BRT; 55079.000000; 55046.000000; 0.000000; 0.000000; 3522.000000; 3521.200000; 0.000000; 0.000000;
43; 2016-04-28 09:00:47.244 BRT; 55080.000000; 55045.000000; 0.000000; 0.000000; 3522.000000; 3521.200000; 0.000000; 0.000000;
44; 2016-04-28 09:00:48.251 BRT; 55081.000000; 55044.000000; 0.000000; 0.000000; 3522.500000; 3521.400000; 0.000000; 0.000000;
45; 2016-04-28 09:00:49.253 BRT; 55075.000000; 55070.000000; 55105.000000; 55050.000000; 3522.600000; 3521.600000; 0.000000; 0.000000;
46; 2016-04-28 09:00:50.261 BRT; 55065.000000; 55054.000000; 55070.000000; 55050.000000; 3522.500000; 3520.900000; 0.000000; 0.000000;
47; 2016-04-28 09:00:51.311 BRT; 55060.000000; 55055.000000; 55085.000000; 55050.000000; 3522.900000; 3521.300000; 0.000000; 0.000000;
48; 2016-04-28 09:00:52.318 BRT; 55100.000000; 55091.000000; 55130.000000; 55100.000000; 3522.800000; 3521.600000; 0.000000; 0.000000;
49; 2016-04-28 09:00:53.362 BRT; 55120.000000; 55095.000000; 55140.000000; 55100.000000; 3523.400000; 3521.700000; 3524.000000; 3524.000000;
50; 2016-04-28 09:00:54.366 BRT; 55150.000000; 55135.000000; 55175.000000; 55100.000000; 3522.400000; 3521.000000; 3520.000000; 3520.000000;
51; 2016-04-28 09:00:55.369 BRT; 55189.000000; 55157.000000; 55200.000000; 55120.000000; 3522.500000; 3521.000000; 3520.000000; 3520.000000;
52; 2016-04-28 09:00:56.376 BRT; 55222.000000; 55205.000000; 55255.000000; 55200.000000; 3521.500000; 3521.000000; 3521.500000; 3521.500000;
53; 2016-04-28 09:00:57.447 BRT; 55224.000000; 55192.000000; 55230.000000; 55200.000000; 3522.000000; 3521.100000; 3521.500000; 3521.500000;
54; 2016-04-28 09:00:58.459 BRT; 55225.000000; 55192.000000; 55230.000000; 55200.000000; 3522.000000; 3520.000000; 3521.500000; 3521.500000;
55; 2016-04-28 09:00:59.459 BRT; 55202.000000; 55172.000000; 55225.000000; 55140.000000; 3521.900000; 3520.300000; 3521.500000; 3521.500000;
56; 2016-04-28 09:01:00.476 BRT; 55127.000000; 55103.000000; 55135.000000; 55100.000000; 3522.500000; 3520.900000; 3521.500000; 3521.500000;
57; 2016-04-28 09:01:01.500 BRT; 55130.000000; 55110.000000; 55135.000000; 55100.000000; 3522.700000; 3520.000000; 3521.500000; 3521.500000;
58; 2016-04-28 09:01:02.588 BRT; 55130.000000; 55120.000000; 55135.000000; 55115.000000; 3522.600000; 3521.200000; 3521.500000; 3521.500000;
59; 2016-04-28 09:01:03.588 BRT; 55125.000000; 55106.000000; 55140.000000; 55135.000000; 3522.500000; 3521.200000; 3521.500000; 3521.500000;
60; 2016-04-28 09:01:04.612 BRT; 55148.000000; 55126.000000; 55160.000000; 55110.000000; 3522.800000; 3521.800000; 3521.500000; 3521.500000;
61; 2016-04-28 09:01:05.635 BRT; 55155.000000; 55126.000000; 55185.000000; 55110.000000; 3522.100000; 3520.500000; 3520.500000; 3520.500000;
62; 2016-04-28 09:01:06.681 BRT; 55160.000000; 55146.000000; 55195.000000; 55150.000000; 3521.800000; 3520.500000; 3520.500000; 3520.500000;
63; 2016-04-28 09:01:07.721 BRT; 55186.000000; 55162.000000; 55200.000000; 55150.000000; 3521.100000; 3520.000000; 3520.000000; 3520.000000;
64; 2016-04-28 09:01:08.738 BRT; 55189.000000; 55170.000000; 55200.000000; 55150.000000; 3521.100000; 3520.000000; 3519.500000; 3519.500000;
65; 2016-04-28 09:01:09.768 BRT; 55189.000000; 55170.000000; 55200.000000; 55150.000000; 3521.400000; 3520.000000; 3519.500000; 3519.500000;
66; 2016-04-28 09:01:10.787 BRT; 55195.000000; 55180.000000; 55200.000000; 55150.000000; 3521.100000; 3520.000000; 3519.500000; 3519.500000;
67; 2016-04-28 09:01:11.795 BRT; 55179.000000; 55154.000000; 55135.000000; 55130.000000; 3520.500000; 3518.900000; 3520.000000; 3520.000000;
68; 2016-04-28 09:01:12.810 BRT; 55150.000000; 55130.000000; 55135.000000; 55130.000000; 3522.000000; 3520.300000; 3521.500000; 3521.500000;
69; 2016-04-28 09:01:13.815 BRT; 55118.000000; 55095.000000; 55125.000000; 55100.000000; 3522.000000; 3521.500000; 3521.000000; 3521.000000;
70; 2016-04-28 09:01:14.884 BRT; 55155.000000; 55140.000000; 55200.000000; 55125.000000; 3520.600000; 3519.200000; 3519.500000; 3519.500000;
71; 2016-04-28 09:01:15.904 BRT; 55155.000000; 55144.000000; 55200.000000; 55125.000000; 3522.100000; 3521.500000; 3522.000000; 3522.000000;
72; 2016-04-28 09:01:16.922 BRT; 55165.000000; 55142.000000; 55195.000000; 55125.000000; 3522.000000; 3520.400000; 3521.500000; 3521.500000;
73; 2016-04-28 09:01:17.925 BRT; 55173.000000; 55151.000000; 55195.000000; 55125.000000; 3521.000000; 3519.600000; 3520.500000; 3520.500000;
74; 2016-04-28 09:01:18.974 BRT; 55165.000000; 55151.000000; 55195.000000; 55140.000000; 3521.200000; 3520.000000; 3519.500000; 3519.500000;
75; 2016-04-28 09:01:19.991 BRT; 55186.000000; 55165.000000; 55195.000000; 55135.000000; 3520.700000; 3519.100000; 3518.500000; 3518.500000;
76; 2016-04-28 09:01:20.993 BRT; 55190.000000; 55171.000000; 55195.000000; 55135.000000; 3520.400000; 3519.100000; 3519.500000; 3519.500000;
77; 2016-04-28 09:01:22.410 BRT; 55189.000000; 55169.000000; 55195.000000; 55135.000000; 3520.500000; 3519.100000; 3520.000000; 3520.000000;
78; 2016-04-28 09:01:23.670 BRT; 55189.000000; 55170.000000; 55195.000000; 55135.000000; 3521.000000; 3519.500000; 3519.500000; 3519.500000;
79; 2016-04-28 09:01:24.111 BRT; 55184.000000; 55164.000000; 55195.000000; 55125.000000; 3521.400000; 3519.600000; 3520.000000; 3520.000000;
80; 2016-04-28 09:01:25.169 BRT; 55165.000000; 55150.000000; 55180.000000; 55125.000000; 3520.800000; 3519.500000; 3520.000000; 3520.000000;
81; 2016-04-28 09:01:26.179 BRT; 55135.000000; 55120.000000; 55130.000000; 55110.000000; 3521.000000; 3519.600000; 3519.500000; 3519.500000;
82; 2016-04-28 09:01:27.227 BRT; 55129.000000; 55110.000000; 55110.000000; 55100.000000; 3520.000000; 3519.500000; 3519.000000; 3519.000000;
83; 2016-04-28 09:01:28.246 BRT; 55125.000000; 55115.000000; 55110.000000; 55100.000000; 3521.000000; 3519.500000; 3519.500000; 3519.500000;
84; 2016-04-28 09:01:29.279 BRT; 55137.000000; 55124.000000; 55130.000000; 55105.000000; 3521.000000; 3519.100000; 3519.500000; 3519.500000;
85; 2016-04-28 09:01:30.312 BRT; 55149.000000; 55130.000000; 55125.000000; 55105.000000; 3520.600000; 3519.500000; 3519.500000; 3519.500000;
86; 2016-04-28 09:01:31.351 BRT; 55157.000000; 55135.000000; 55125.000000; 55120.000000; 3520.500000; 3519.300000; 3519.500000; 3519.500000;
87; 2016-04-28 09:01:32.358 BRT; 55135.000000; 55120.000000; 55125.000000; 55105.000000; 3520.500000; 3519.000000; 3519.000000; 3519.000000;
88; 2016-04-28 09:01:33.396 BRT; 55135.000000; 55119.000000; 55125.000000; 55105.000000; 3520.500000; 3519.300000; 3519.000000; 3519.000000;
89; 2016-04-28 09:01:34.460 BRT; 55155.000000; 55135.000000; 55165.000000; 55110.000000; 3521.000000; 3519.500000; 3519.000000; 3519.000000;
90; 2016-04-28 09:01:35.462 BRT; 55156.000000; 55145.000000; 55180.000000; 55125.000000; 3521.000000; 3519.300000; 3519.000000; 3519.000000;
91; 2016-04-28 09:01:36.509 BRT; 55175.000000; 55162.000000; 55195.000000; 55150.000000; 3521.000000; 3520.000000; 3520.000000; 3520.000000;
92; 2016-04-28 09:01:37.588 BRT; 55175.000000; 55165.000000; 55195.000000; 55150.000000; 3521.200000; 3519.700000; 3520.000000; 3520.000000;
93; 2016-04-28 09:01:38.646 BRT; 55178.000000; 55160.000000; 55185.000000; 55150.000000; 3520.600000; 3520.000000; 3520.000000; 3520.000000;
94; 2016-04-28 09:01:39.653 BRT; 55180.000000; 55175.000000; 55185.000000; 55150.000000; 3520.600000; 3520.000000; 3520.000000; 3520.000000;
95; 2016-04-28 09:01:40.752 BRT; 55178.000000; 55165.000000; 55185.000000; 55150.000000; 3520.700000; 3520.000000; 3520.000000; 3520.000000;
96; 2016-04-28 09:01:41.756 BRT; 55180.000000; 55167.000000; 55185.000000; 55150.000000; 3520.700000; 3519.900000; 3520.000000; 3520.000000;
97; 2016-04-28 09:01:42.762 BRT; 55180.000000; 55165.000000; 55185.000000; 55150.000000; 3520.900000; 3519.900000; 3520.000000; 3520.000000;
98; 2016-04-28 09:01:43.832 BRT; 55175.000000; 55165.000000; 55190.000000; 55150.000000; 3520.000000; 3519.100000; 3519.500000; 3519.500000;
99; 2016-04-28 09:01:45.149 BRT; 55175.000000; 55166.000000; 55190.000000; 55150.000000; 3520.000000; 3519.100000; 3519.500000; 3519.500000;
100; 2016-04-28 09:01:46.149 BRT; 55170.000000; 55155.000000; 55185.000000; 55150.000000; 3520.000000; 3519.400000; 3519.500000; 3519.500000;
101; 2016-04-28 09:01:47.164 BRT; 55155.000000; 55142.000000; 55150.000000; 55125.000000; 3520.000000; 3519.500000; 3519.500000; 3519.500000;
102; 2016-04-28 09:01:48.205 BRT; 55153.000000; 55140.000000; 55150.000000; 55125.000000; 3520.000000; 3519.500000; 3519.500000; 3519.500000;
103; 2016-04-28 09:01:49.207 BRT; 55160.000000; 55145.000000; 55150.000000; 55140.000000; 3520.500000; 3519.500000; 3519.500000; 3519.500000;
104; 2016-04-28 09:01:50.223 BRT; 55167.000000; 55150.000000; 55150.000000; 55140.000000; 3520.700000; 3519.500000; 3519.500000; 3519.500000;
105; 2016-04-28 09:01:51.251 BRT; 55160.000000; 55150.000000; 55150.000000; 55140.000000; 3520.500000; 3519.300000; 3519.500000; 3519.500000;
106; 2016-04-28 09:01:52.292 BRT; 55160.000000; 55150.000000; 55150.000000; 55140.000000; 3520.500000; 3519.300000; 3519.500000; 3519.500000;
107; 2016-04-28 09:01:53.360 BRT; 55144.000000; 55125.000000; 55145.000000; 55100.000000; 3520.500000; 3519.500000; 3519.500000; 3519.500000;
108; 2016-04-28 09:01:54.391 BRT; 55146.000000; 55125.000000; 55145.000000; 55100.000000; 3520.200000; 3519.500000; 3519.500000; 3519.500000;
109; 2016-04-28 09:01:55.458 BRT; 55144.000000; 55125.000000; 55145.000000; 55105.000000; 3520.200000; 3519.000000; 3519.500000; 3519.500000;
110; 2016-04-28 09:01:56.464 BRT; 55154.000000; 55140.000000; 55150.000000; 55105.000000; 3520.500000; 3519.000000; 3519.500000; 3519.500000;
111; 2016-04-28 09:01:57.537 BRT; 55140.000000; 55130.000000; 55145.000000; 55105.000000; 3520.200000; 3519.500000; 3519.000000; 3519.000000;
112; 2016-04-28 09:01:58.543 BRT; 55140.000000; 55116.000000; 55130.000000; 55105.000000; 3520.500000; 3519.500000; 3519.000000; 3519.000000;
113; 2016-04-28 09:01:59.589 BRT; 55140.000000; 55125.000000; 55145.000000; 55105.000000; 3520.500000; 3519.500000; 3519.000000; 3519.000000;
114; 2016-04-28 09:02:00.599 BRT; 55140.000000; 55124.000000; 55145.000000; 55105.000000; 3520.500000; 3519.500000; 3519.000000; 3519.000000;
115; 2016-04-28 09:02:01.611 BRT; 55140.000000; 55128.000000; 55145.000000; 55110.000000; 3520.500000; 3519.500000; 3519.000000; 3519.000000;
116; 2016-04-28 09:02:02.623 BRT; 55158.000000; 55129.000000; 55145.000000; 55110.000000; 3520.500000; 3519.500000; 3519.000000; 3519.000000;
117; 2016-04-28 09:02:03.703 BRT; 55148.000000; 55130.000000; 55145.000000; 55110.000000; 3520.500000; 3519.600000; 3520.000000; 3520.000000;
118; 2016-04-28 09:02:04.771 BRT; 55145.000000; 55122.000000; 55145.000000; 55110.000000; 3520.500000; 3519.800000; 3520.000000; 3520.000000;
119; 2016-04-28 09:02:05.796 BRT; 55145.000000; 55125.000000; 55145.000000; 55110.000000; 3520.500000; 3519.800000; 3520.000000; 3520.000000;
120; 2016-04-28 09:02:06.831 BRT; 55148.000000; 55126.000000; 55150.000000; 55110.000000; 3520.500000; 3520.000000; 3520.000000; 3520.000000;
121; 2016-04-28 09:02:07.899 BRT; 55171.000000; 55152.000000; 55180.000000; 55140.000000; 3520.500000; 3520.000000; 3520.000000; 3520.000000;
122; 2016-04-28 09:02:08.931 BRT; 55175.000000; 55156.000000; 55180.000000; 55140.000000; 3520.500000; 3520.000000; 3520.000000; 3520.000000;
123; 2016-04-28 09:02:09.955 BRT; 55175.000000; 55162.000000; 55180.000000; 55140.000000; 3520.500000; 3520.000000; 3520.000000; 3520.000000;
124; 2016-04-28 09:02:11.900 BRT; 55170.000000; 55149.000000; 55180.000000; 55140.000000; 3520.500000; 3520.000000; 3520.000000; 3520.000000;
125; 2016-04-28 09:02:12.390 BRT; 55175.000000; 55158.000000; 55180.000000; 55140.000000; 3520.500000; 3520.000000; 3520.000000; 3520.000000;
126; 2016-04-28 09:02:13.720 BRT; 55174.000000; 55158.000000; 55180.000000; 55140.000000; 3520.500000; 3520.000000; 3520.000000; 3520.000000;
127; 2016-04-28 09:02:14.130 BRT; 55170.000000; 55155.000000; 55180.000000; 55140.000000; 3520.500000; 3520.000000; 3520.000000; 3520.000000;
128; 2016-04-28 09:02:15.140 BRT; 55170.000000; 55160.000000; 55180.000000; 55140.000000; 3520.500000; 3520.000000; 3520.000000; 3520.000000;
129; 2016-04-28 09:02:16.155 BRT; 55170.000000; 55160.000000; 55180.000000; 55140.000000; 3520.500000; 3520.000000; 3520.000000; 3520.000000;
130; 2016-04-28 09:02:17.327 BRT; 55170.000000; 55157.000000; 55180.000000; 55140.000000; 3520.500000; 3520.000000; 3520.000000; 3520.000000;
131; 2016-04-28 09:02:18.332 BRT; 55170.000000; 55158.000000; 55160.000000; 55150.000000; 3520.500000; 3520.000000; 3520.000000; 3520.000000;
132; 2016-04-28 09:02:19.392 BRT; 55170.000000; 55160.000000; 55160.000000; 55150.000000; 3520.500000; 3520.000000; 3520.000000; 3520.000000;
133; 2016-04-28 09:02:20.395 BRT; 55170.000000; 55160.000000; 55160.000000; 55150.000000; 3520.500000; 3520.000000; 3520.000000; 3520.000000;
134; 2016-04-28 09:02:21.417 BRT; 55170.000000; 55160.000000; 55160.000000; 55150.000000; 3520.500000; 3519.500000; 3519.500000; 3519.500000;
135; 2016-04-28 09:02:22.501 BRT; 55175.000000; 55164.000000; 55180.000000; 55150.000000; 3520.500000; 3519.500000; 3520.000000; 3520.000000;
136; 2016-04-28 09:02:23.513 BRT; 55180.000000; 55166.000000; 55180.000000; 55150.000000; 3520.500000; 3519.500000; 3519.500000; 3519.500000;
137; 2016-04-28 09:02:24.560 BRT; 55180.000000; 55166.000000; 55180.000000; 55150.000000; 3520.000000; 3519.500000; 3519.500000; 3519.500000;
138; 2016-04-28 09:02:25.568 BRT; 55180.000000; 55162.000000; 55180.000000; 55150.000000; 3520.000000; 3519.300000; 3519.500000; 3519.500000;
139; 2016-04-28 09:02:26.568 BRT; 55180.000000; 55165.000000; 55190.000000; 55150.000000; 3519.500000; 3519.000000; 3519.000000; 3519.000000;
140; 2016-04-28 09:02:27.591 BRT; 55180.000000; 55165.000000; 55190.000000; 55150.000000; 3519.500000; 3519.000000; 3519.000000; 3519.000000;
141; 2016-04-28 09:02:28.631 BRT; 55180.000000; 55170.000000; 55190.000000; 55150.000000; 3519.500000; 3519.000000; 3519.000000; 3519.000000;
142; 2016-04-28 09:02:29.653 BRT; 55180.000000; 55170.000000; 55190.000000; 55150.000000; 3519.500000; 3519.000000; 3519.000000; 3519.000000;
143; 2016-04-28 09:02:30.791 BRT; 55180.000000; 55170.000000; 55190.000000; 55150.000000; 3519.500000; 3519.000000; 3519.000000; 3519.000000;
144; 2016-04-28 09:02:31.926 BRT; 55180.000000; 55170.000000; 55190.000000; 55150.000000; 3519.500000; 3519.000000; 3519.000000; 3519.000000;
145; 2016-04-28 09:02:32.987 BRT; 55180.000000; 55170.000000; 55190.000000; 55160.000000; 3519.500000; 3519.000000; 3519.000000; 3519.000000;
146; 2016-04-28 09:02:34.530 BRT; 55180.000000; 55170.000000; 55190.000000; 55160.000000; 3519.500000; 3519.000000; 3519.000000; 3519.000000;
147; 2016-04-28 09:02:35.157 BRT; 55188.000000; 55169.000000; 55195.000000; 55150.000000; 3519.500000; 3519.000000; 3519.000000; 3519.000000;
148; 2016-04-28 09:02:36.327 BRT; 55188.000000; 55170.000000; 55195.000000; 55150.000000; 3519.500000; 3519.000000; 3519.000000; 3519.000000;
149; 2016-04-28 09:02:37.491 BRT; 55190.000000; 55170.000000; 55195.000000; 55150.000000; 3519.500000; 3519.000000; 3519.000000; 3519.000000;
150; 2016-04-28 09:02:38.534 BRT; 55190.000000; 55175.000000; 55195.000000; 55155.000000; 3520.000000; 3519.000000; 3519.500000; 3519.500000;
151; 2016-04-28 09:02:39.545 BRT; 55192.000000; 55175.000000; 55195.000000; 55165.000000; 3520.000000; 3519.000000; 3519.500000; 3519.500000;
152; 2016-04-28 09:02:40.617 BRT; 55186.000000; 55177.000000; 55195.000000; 55165.000000; 3520.000000; 3519.000000; 3519.500000; 3519.500000;
153; 2016-04-28 09:02:41.620 BRT; 55196.000000; 55180.000000; 55195.000000; 55160.000000; 3520.000000; 3519.000000; 3519.500000; 3519.500000;
154; 2016-04-28 09:02:42.663 BRT; 55197.000000; 55180.000000; 55195.000000; 55160.000000; 3520.000000; 3519.000000; 3519.500000; 3519.500000;
155; 2016-04-28 09:02:43.749 BRT; 55199.000000; 55180.000000; 55195.000000; 55160.000000; 3520.000000; 3519.300000; 3519.500000; 3519.500000;
156; 2016-04-28 09:02:44.793 BRT; 55199.000000; 55177.000000; 55195.000000; 55160.000000; 3520.000000; 3519.500000; 3519.500000; 3519.500000;
157; 2016-04-28 09:02:45.842 BRT; 55195.000000; 55185.000000; 55195.000000; 55160.000000; 3520.000000; 3519.500000; 3520.000000; 3520.000000;
158; 2016-04-28 09:02:46.931 BRT; 55199.000000; 55185.000000; 55195.000000; 55160.000000; 3520.000000; 3519.500000; 3520.000000; 3520.000000;
159; 2016-04-28 09:02:47.934 BRT; 55200.000000; 55185.000000; 55195.000000; 55160.000000; 3520.000000; 3519.500000; 3520.000000; 3520.000000;
160; 2016-04-28 09:02:49.150 BRT; 55204.000000; 55190.000000; 55195.000000; 55165.000000; 3520.100000; 3519.500000; 3520.000000; 3520.000000;
161; 2016-04-28 09:02:50.310 BRT; 55204.000000; 55193.000000; 55195.000000; 55175.000000; 3520.200000; 3519.500000; 3520.000000; 3520.000000;
162; 2016-04-28 09:02:51.530 BRT; 55214.000000; 55199.000000; 55200.000000; 55180.000000; 3520.200000; 3519.500000; 3520.000000; 3520.000000;
163; 2016-04-28 09:02:52.111 BRT; 55216.000000; 55195.000000; 55200.000000; 55180.000000; 3520.500000; 3519.500000; 3520.000000; 3520.000000;
164; 2016-04-28 09:02:53.146 BRT; 55220.000000; 55197.000000; 55200.000000; 55185.000000; 3520.200000; 3519.500000; 3520.000000; 3520.000000;
165; 2016-04-28 09:02:54.185 BRT; 55220.000000; 55205.000000; 55200.000000; 55190.000000; 3520.300000; 3519.500000; 3520.000000; 3520.000000;
166; 2016-04-28 09:02:55.265 BRT; 55215.000000; 55197.000000; 55200.000000; 55190.000000; 3520.300000; 3519.500000; 3520.000000; 3520.000000;
167; 2016-04-28 09:02:56.269 BRT; 55227.000000; 55210.000000; 55200.000000; 55195.000000; 3520.500000; 3519.500000; 3520.000000; 3520.000000;
168; 2016-04-28 09:02:57.272 BRT; 55236.000000; 55208.000000; 55200.000000; 55195.000000; 3520.500000; 3519.500000; 3520.000000; 3520.000000;
169; 2016-04-28 09:02:58.318 BRT; 55223.000000; 55210.000000; 55200.000000; 55195.000000; 3520.500000; 3519.500000; 3520.000000; 3520.000000;
170; 2016-04-28 09:02:59.338 BRT; 55226.000000; 55210.000000; 55200.000000; 55195.000000; 3520.500000; 3519.500000; 3520.000000; 3520.000000;
171; 2016-04-28 09:03:00.338 BRT; 55235.000000; 55225.000000; 55240.000000; 55210.000000; 3520.300000; 3519.500000; 3519.500000; 3519.500000;
172; 2016-04-28 09:03:01.376 BRT; 55237.000000; 55219.000000; 55240.000000; 55195.000000; 3520.000000; 3519.500000; 3519.500000; 3519.500000;
173; 2016-04-28 09:03:02.391 BRT; 55240.000000; 55225.000000; 55240.000000; 55210.000000; 3520.000000; 3519.000000; 3519.000000; 3519.000000;
174; 2016-04-28 09:03:03.396 BRT; 55240.000000; 55221.000000; 55240.000000; 55205.000000; 3520.000000; 3519.000000; 3519.000000; 3519.000000;
175; 2016-04-28 09:03:04.407 BRT; 55250.000000; 55240.000000; 55255.000000; 55240.000000; 3519.000000; 3518.500000; 3518.500000; 3518.500000;
176; 2016-04-28 09:03:05.424 BRT; 55250.000000; 55235.000000; 55255.000000; 55235.000000; 3519.000000; 3518.500000; 3518.000000; 3518.000000;
177; 2016-04-28 09:03:06.455 BRT; 55250.000000; 55231.000000; 55255.000000; 55235.000000; 3519.000000; 3518.500000; 3519.000000; 3519.000000;
178; 2016-04-28 09:03:07.489 BRT; 55250.000000; 55231.000000; 55265.000000; 55240.000000; 3519.000000; 3518.500000; 3519.000000; 3519.000000;
179; 2016-04-28 09:03:08.523 BRT; 55260.000000; 55248.000000; 55270.000000; 55245.000000; 3519.000000; 3518.300000; 3519.000000; 3519.000000;
180; 2016-04-28 09:03:09.532 BRT; 55265.000000; 55243.000000; 55275.000000; 55240.000000; 3519.000000; 3518.200000; 3519.000000; 3519.000000;
181; 2016-04-28 09:03:10.750 BRT; 55265.000000; 55250.000000; 55275.000000; 55240.000000; 3519.000000; 3518.500000; 3519.000000; 3519.000000;
182; 2016-04-28 09:03:11.752 BRT; 55261.000000; 55250.000000; 55275.000000; 55240.000000; 3519.000000; 3518.500000; 3519.000000; 3519.000000;
183; 2016-04-28 09:03:12.775 BRT; 55250.000000; 55238.000000; 55265.000000; 55240.000000; 3519.100000; 3518.500000; 3519.000000; 3519.000000;
184; 2016-04-28 09:03:13.779 BRT; 55258.000000; 55240.000000; 55270.000000; 55240.000000; 3519.200000; 3518.500000; 3519.000000; 3519.000000;
185; 2016-04-28 09:03:14.809 BRT; 55260.000000; 55241.000000; 55275.000000; 55240.000000; 3519.200000; 3518.500000; 3519.000000; 3519.000000;
186; 2016-04-28 09:03:15.824 BRT; 55252.000000; 55240.000000; 55265.000000; 55240.000000; 3519.100000; 3518.500000; 3519.000000; 3519.000000;
187; 2016-04-28 09:03:16.837 BRT; 55255.000000; 55237.000000; 55265.000000; 55240.000000; 3519.100000; 3518.500000; 3518.500000; 3518.500000;
188; 2016-04-28 09:03:17.850 BRT; 55260.000000; 55242.000000; 55265.000000; 55240.000000; 3519.000000; 3518.000000; 3518.500000; 3518.500000;
189; 2016-04-28 09:03:18.855 BRT; 55255.000000; 55236.000000; 55265.000000; 55240.000000; 3519.000000; 3518.000000; 3519.000000; 3519.000000;
190; 2016-04-28 09:03:19.895 BRT; 55255.000000; 55235.000000; 55260.000000; 55240.000000; 3518.500000; 3518.000000; 3519.000000; 3519.000000;
191; 2016-04-28 09:03:21.400 BRT; 55253.000000; 55240.000000; 55260.000000; 55240.000000; 3519.000000; 3518.000000; 3519.000000; 3519.000000;
192; 2016-04-28 09:03:22.710 BRT; 55250.000000; 55235.000000; 55255.000000; 55235.000000; 3519.000000; 3518.000000; 3519.000000; 3519.000000;
193; 2016-04-28 09:03:23.710 BRT; 55250.000000; 55231.000000; 55255.000000; 55235.000000; 3519.000000; 3518.000000; 3519.000000; 3519.000000;
194; 2016-04-28 09:03:24.820 BRT; 55244.000000; 55231.000000; 55255.000000; 55235.000000; 3519.000000; 3518.000000; 3519.000000; 3519.000000;
195; 2016-04-28 09:03:25.860 BRT; 55245.000000; 55235.000000; 55255.000000; 55235.000000; 3518.000000; 3517.300000; 3518.000000; 3518.000000;
196; 2016-04-28 09:03:26.900 BRT; 55255.000000; 55244.000000; 55260.000000; 55235.000000; 3518.000000; 3517.300000; 3518.000000; 3518.000000;
197; 2016-04-28 09:03:27.197 BRT; 55250.000000; 55236.000000; 55260.000000; 55235.000000; 3518.000000; 3517.200000; 3518.000000; 3518.000000;
198; 2016-04-28 09:03:28.204 BRT; 55234.000000; 55220.000000; 55230.000000; 55210.000000; 3518.300000; 3517.200000; 3517.500000; 3517.500000;
199; 2016-04-28 09:03:29.244 BRT; 55234.000000; 55220.000000; 55230.000000; 55210.000000; 3518.100000; 3517.200000; 3517.500000; 3517.500000;
200; 2016-04-28 09:03:30.256 BRT; 55234.000000; 55215.000000; 55230.000000; 55210.000000; 3518.000000; 3517.500000; 3517.500000; 3517.500000;
201; 2016-04-28 09:03:31.299 BRT; 55236.000000; 55215.000000; 55230.000000; 55220.000000; 3518.000000; 3517.500000; 3517.500000; 3517.500000;
202; 2016-04-28 09:03:32.352 BRT; 55230.000000; 55220.000000; 55230.000000; 55220.000000; 3518.000000; 3517.500000; 3517.500000; 3517.500000;
203; 2016-04-28 09:03:33.361 BRT; 55230.000000; 55213.000000; 55230.000000; 55205.000000; 3518.100000; 3517.500000; 3517.500000; 3517.500000;
204; 2016-04-28 09:03:34.406 BRT; 55230.000000; 55213.000000; 55230.000000; 55205.000000; 3518.500000; 3517.700000; 3517.500000; 3517.500000;
205; 2016-04-28 09:03:35.418 BRT; 55230.000000; 55214.000000; 55230.000000; 55205.000000; 3518.500000; 3517.500000; 3517.500000; 3517.500000;
206; 2016-04-28 09:03:36.490 BRT; 55230.000000; 55220.000000; 55230.000000; 55210.000000; 3518.500000; 3517.500000; 3517.500000; 3517.500000;
207; 2016-04-28 09:03:37.502 BRT; 55235.000000; 55220.000000; 55230.000000; 55210.000000; 3518.500000; 3517.500000; 3517.500000; 3517.500000;
208; 2016-04-28 09:03:38.589 BRT; 55230.000000; 55215.000000; 55230.000000; 55205.000000; 3518.500000; 3517.500000; 3517.500000; 3517.500000;
209; 2016-04-28 09:03:39.671 BRT; 55230.000000; 55215.000000; 55230.000000; 55205.000000; 3518.500000; 3517.500000; 3517.500000; 3517.500000;
210; 2016-04-28 09:03:40.678 BRT; 55233.000000; 55215.000000; 55230.000000; 55210.000000; 3518.500000; 3517.500000; 3517.500000; 3517.500000;
211; 2016-04-28 09:03:41.732 BRT; 55235.000000; 55218.000000; 55230.000000; 55210.000000; 3518.500000; 3517.500000; 3517.500000; 3517.500000;
212; 2016-04-28 09:03:42.825 BRT; 55238.000000; 55225.000000; 55230.000000; 55210.000000; 3518.500000; 3517.500000; 3517.500000; 3517.500000;
213; 2016-04-28 09:03:43.852 BRT; 55239.000000; 55218.000000; 55230.000000; 55210.000000; 3518.500000; 3517.500000; 3517.500000; 3517.500000;
214; 2016-04-28 09:03:44.864 BRT; 55235.000000; 55215.000000; 55230.000000; 55210.000000; 3518.500000; 3517.600000; 3517.500000; 3517.500000;
215; 2016-04-28 09:03:45.878 BRT; 55231.000000; 55214.000000; 55230.000000; 55210.000000; 3518.400000; 3517.500000; 3517.500000; 3517.500000;
216; 2016-04-28 09:03:46.958 BRT; 55231.000000; 55213.000000; 55230.000000; 55210.000000; 3518.000000; 3517.500000; 3517.500000; 3517.500000;
217; 2016-04-28 09:03:47.959 BRT; 55235.000000; 55220.000000; 55230.000000; 55210.000000; 3518.000000; 3517.500000; 3517.500000; 3517.500000;
218; 2016-04-28 09:03:48.966 BRT; 55235.000000; 55219.000000; 55230.000000; 55210.000000; 3518.000000; 3517.500000; 3517.500000; 3517.500000;
219; 2016-04-28 09:03:49.968 BRT; 55235.000000; 55219.000000; 55230.000000; 55210.000000; 3517.500000; 3517.000000; 3517.000000; 3517.000000;
220; 2016-04-28 09:03:51.136 BRT; 55234.000000; 55214.000000; 55230.000000; 55210.000000; 3518.000000; 3517.000000; 3517.000000; 3517.000000;
221; 2016-04-28 09:03:52.170 BRT; 55233.000000; 55219.000000; 55230.000000; 55210.000000; 3518.000000; 3517.000000; 3517.000000; 3517.000000;
222; 2016-04-28 09:03:53.171 BRT; 55233.000000; 55219.000000; 55230.000000; 55210.000000; 3518.000000; 3517.000000; 3517.000000; 3517.000000;
223; 2016-04-28 09:03:54.205 BRT; 55233.000000; 55219.000000; 55230.000000; 55210.000000; 3518.000000; 3517.500000; 3517.000000; 3517.000000;
224; 2016-04-28 09:03:55.225 BRT; 55233.000000; 55220.000000; 55230.000000; 55210.000000; 3518.000000; 3517.500000; 3517.000000; 3517.000000;
225; 2016-04-28 09:03:56.303 BRT; 55233.000000; 55220.000000; 55230.000000; 55210.000000; 3518.000000; 3517.500000; 3517.000000; 3517.000000;
226; 2016-04-28 09:03:57.348 BRT; 55233.000000; 55220.000000; 55230.000000; 55210.000000; 3518.000000; 3517.500000; 3517.000000; 3517.000000;
227; 2016-04-28 09:03:58.416 BRT; 55235.000000; 55218.000000; 55230.000000; 55210.000000; 3517.000000; 3516.000000; 3516.500000; 3516.500000;
228; 2016-04-28 09:03:59.461 BRT; 55235.000000; 55218.000000; 55230.000000; 55210.000000; 3517.000000; 3516.000000; 3516.500000; 3516.500000;
229; 2016-04-28 09:04:00.469 BRT; 55235.000000; 55220.000000; 55230.000000; 55210.000000; 3517.000000; 3516.500000; 3516.500000; 3516.500000;
230; 2016-04-28 09:04:01.496 BRT; 55230.000000; 55215.000000; 55230.000000; 55205.000000; 3517.500000; 3516.500000; 3516.500000; 3516.500000;
231; 2016-04-28 09:04:02.520 BRT; 55230.000000; 55212.000000; 55230.000000; 55205.000000; 3517.500000; 3516.500000; 3516.000000; 3516.000000;
232; 2016-04-28 09:04:03.556 BRT; 55230.000000; 55211.000000; 55230.000000; 55205.000000; 3517.500000; 3516.500000; 3517.000000; 3517.000000;
233; 2016-04-28 09:04:04.628 BRT; 55227.000000; 55210.000000; 55230.000000; 55205.000000; 3517.500000; 3516.500000; 3517.000000; 3517.000000;
234; 2016-04-28 09:04:05.665 BRT; 55220.000000; 55210.000000; 55225.000000; 55205.000000; 3517.000000; 3516.500000; 3517.000000; 3517.000000;
235; 2016-04-28 09:04:06.688 BRT; 55220.000000; 55210.000000; 55225.000000; 55205.000000; 3517.100000; 3516.500000; 3516.500000; 3516.500000;
236; 2016-04-28 09:04:07.689 BRT; 55220.000000; 55210.000000; 55225.000000; 55205.000000; 3517.500000; 3517.000000; 3516.500000; 3516.500000;
237; 2016-04-28 09:04:08.703 BRT; 55220.000000; 55210.000000; 55225.000000; 55205.000000; 3517.500000; 3517.000000; 3516.500000; 3516.500000;
238; 2016-04-28 09:04:09.733 BRT; 55220.000000; 55210.000000; 55225.000000; 55205.000000; 3517.500000; 3517.000000; 3516.500000; 3516.500000;
239; 2016-04-28 09:04:10.795 BRT; 55220.000000; 55210.000000; 55225.000000; 55205.000000; 3517.700000; 3517.000000; 3517.000000; 3517.000000;
240; 2016-04-28 09:04:11.923 BRT; 55220.000000; 55210.000000; 55225.000000; 55205.000000; 3517.500000; 3517.000000; 3517.000000; 3517.000000;
241; 2016-04-28 09:04:12.957 BRT; 55220.000000; 55210.000000; 55225.000000; 55205.000000; 3517.500000; 3517.000000; 3517.000000; 3517.000000;
242; 2016-04-28 09:04:13.979 BRT; 55220.000000; 55210.000000; 55225.000000; 55205.000000; 3517.500000; 3517.000000; 3517.000000; 3517.000000;
243; 2016-04-28 09:04:14.992 BRT; 55220.000000; 55210.000000; 55225.000000; 55205.000000; 3517.500000; 3516.500000; 3516.500000; 3516.500000;
244; 2016-04-28 09:04:16.500 BRT; 55220.000000; 55210.000000; 55225.000000; 55205.000000; 3517.500000; 3516.500000; 3516.500000; 3516.500000;
245; 2016-04-28 09:04:17.390 BRT; 55215.000000; 55201.000000; 55225.000000; 55205.000000; 3517.500000; 3516.500000; 3516.500000; 3516.500000;
246; 2016-04-28 09:04:18.450 BRT; 55215.000000; 55200.000000; 55225.000000; 55205.000000; 3517.500000; 3517.000000; 3516.500000; 3516.500000;
247; 2016-04-28 09:04:19.680 BRT; 55218.000000; 55205.000000; 55220.000000; 55200.000000; 3517.500000; 3517.000000; 3516.500000; 3516.500000;
248; 2016-04-28 09:04:20.169 BRT; 55210.000000; 55200.000000; 55220.000000; 55200.000000; 3517.500000; 3516.900000; 3516.500000; 3516.500000;
249; 2016-04-28 09:04:21.197 BRT; 55210.000000; 55202.000000; 55220.000000; 55200.000000; 3517.500000; 3516.500000; 3516.500000; 3516.500000;
250; 2016-04-28 09:04:22.212 BRT; 55210.000000; 55202.000000; 55220.000000; 55200.000000; 3517.500000; 3517.000000; 3516.500000; 3516.500000;
251; 2016-04-28 09:04:23.260 BRT; 55210.000000; 55200.000000; 55220.000000; 55200.000000; 3517.500000; 3517.000000; 3517.000000; 3517.000000;
252; 2016-04-28 09:04:24.279 BRT; 55210.000000; 55200.000000; 55220.000000; 55200.000000; 3517.500000; 3516.500000; 3517.000000; 3517.000000;
253; 2016-04-28 09:04:25.408 BRT; 55205.000000; 55200.000000; 55220.000000; 55200.000000; 3517.500000; 3516.500000; 3517.000000; 3517.000000;
254; 2016-04-28 09:04:26.430 BRT; 55205.000000; 55200.000000; 55220.000000; 55200.000000; 3517.200000; 3516.500000; 3516.500000; 3516.500000;
255; 2016-04-28 09:04:27.467 BRT; 55200.000000; 55183.000000; 55210.000000; 55180.000000; 3516.500000; 3515.500000; 3515.500000; 3515.500000;
256; 2016-04-28 09:04:28.477 BRT; 55200.000000; 55185.000000; 55210.000000; 55180.000000; 3516.300000; 3515.500000; 3515.500000; 3515.500000;
257; 2016-04-28 09:04:29.533 BRT; 55200.000000; 55180.000000; 55210.000000; 55180.000000; 3516.000000; 3515.500000; 3515.500000; 3515.500000;
258; 2016-04-28 09:04:30.547 BRT; 55200.000000; 55180.000000; 55210.000000; 55180.000000; 3516.000000; 3515.500000; 3515.000000; 3515.000000;
259; 2016-04-28 09:04:31.688 BRT; 55200.000000; 55180.000000; 55210.000000; 55180.000000; 3516.500000; 3515.500000; 3515.500000; 3515.500000;
260; 2016-04-28 09:04:32.692 BRT; 55200.000000; 55186.000000; 55210.000000; 55180.000000; 3515.500000; 3515.000000; 3515.000000; 3515.000000;
261; 2016-04-28 09:04:33.695 BRT; 55200.000000; 55186.000000; 55210.000000; 55180.000000; 3514.000000; 3513.500000; 3513.000000; 3513.000000;
262; 2016-04-28 09:04:34.759 BRT; 55200.000000; 55185.000000; 55210.000000; 55180.000000; 3514.000000; 3513.500000; 3513.500000; 3513.500000;
263; 2016-04-28 09:04:35.795 BRT; 55200.000000; 55184.000000; 55210.000000; 55180.000000; 3514.500000; 3513.500000; 3513.500000; 3513.500000;
264; 2016-04-28 09:04:36.805 BRT; 55200.000000; 55186.000000; 55210.000000; 55180.000000; 3514.500000; 3513.500000; 3513.000000; 3513.000000;
265; 2016-04-28 09:04:37.809 BRT; 55200.000000; 55183.000000; 55210.000000; 55180.000000; 3514.500000; 3514.000000; 3514.000000; 3514.000000;
266; 2016-04-28 09:04:38.845 BRT; 55200.000000; 55185.000000; 55210.000000; 55180.000000; 3514.500000; 3514.000000; 3513.000000; 3513.000000;
267; 2016-04-28 09:04:39.887 BRT; 55200.000000; 55185.000000; 55210.000000; 55180.000000; 3514.500000; 3514.000000; 3513.000000; 3513.000000;
268; 2016-04-28 09:04:40.921 BRT; 55200.000000; 55184.000000; 55200.000000; 55180.000000; 3514.500000; 3514.000000; 3514.000000; 3514.000000;
269; 2016-04-28 09:04:41.953 BRT; 55200.000000; 55190.000000; 55210.000000; 55180.000000; 3515.000000; 3514.000000; 3514.000000; 3514.000000;
270; 2016-04-28 09:04:42.959 BRT; 55200.000000; 55190.000000; 55210.000000; 55180.000000; 3515.000000; 3514.500000; 3514.500000; 3514.500000;
271; 2016-04-28 09:04:43.979 BRT; 55220.000000; 55213.000000; 55225.000000; 55210.000000; 3515.000000; 3514.500000; 3514.500000; 3514.500000;
272; 2016-04-28 09:04:44.984 BRT; 55225.000000; 55215.000000; 55225.000000; 55210.000000; 3515.000000; 3514.500000; 3514.500000; 3514.500000;
273; 2016-04-28 09:04:46.250 BRT; 55228.000000; 55205.000000; 55240.000000; 55195.000000; 3515.000000; 3514.000000; 3514.500000; 3514.500000;
274; 2016-04-28 09:04:47.310 BRT; 55225.000000; 55210.000000; 55235.000000; 55200.000000; 3515.000000; 3514.500000; 3514.500000; 3514.500000;
275; 2016-04-28 09:04:48.147 BRT; 55220.000000; 55210.000000; 55225.000000; 55200.000000; 3515.000000; 3514.400000; 3514.500000; 3514.500000;
276; 2016-04-28 09:04:49.153 BRT; 55220.000000; 55210.000000; 55225.000000; 55200.000000; 3515.000000; 3514.400000; 3514.500000; 3514.500000;
277; 2016-04-28 09:04:50.159 BRT; 55220.000000; 55210.000000; 55225.000000; 55200.000000; 3515.000000; 3514.500000; 3514.500000; 3514.500000;
278; 2016-04-28 09:04:51.167 BRT; 55220.000000; 55210.000000; 55225.000000; 55200.000000; 3515.000000; 3514.500000; 3514.500000; 3514.500000;
279; 2016-04-28 09:04:52.260 BRT; 55220.000000; 55210.000000; 55225.000000; 55200.000000; 3515.500000; 3515.000000; 3515.000000; 3515.000000;
280; 2016-04-28 09:04:53.262 BRT; 55220.000000; 55210.000000; 55225.000000; 55200.000000; 3515.500000; 3515.000000; 3514.500000; 3514.500000;
281; 2016-04-28 09:04:54.284 BRT; 55220.000000; 55210.000000; 55225.000000; 55200.000000; 3515.500000; 3515.000000; 3515.000000; 3515.000000;
282; 2016-04-28 09:04:55.312 BRT; 55220.000000; 55210.000000; 55225.000000; 55200.000000; 3515.500000; 3515.000000; 3515.000000; 3515.000000;
283; 2016-04-28 09:04:56.316 BRT; 55220.000000; 55210.000000; 55235.000000; 55200.000000; 3515.500000; 3515.000000; 3515.000000; 3515.000000;
284; 2016-04-28 09:04:57.320 BRT; 55223.000000; 55210.000000; 55235.000000; 55200.000000; 3515.600000; 3515.000000; 3515.000000; 3515.000000;
285; 2016-04-28 09:04:58.417 BRT; 55223.000000; 55210.000000; 55235.000000; 55200.000000; 3516.000000; 3515.000000; 3515.000000; 3515.000000;
286; 2016-04-28 09:04:59.459 BRT; 55223.000000; 55210.000000; 55235.000000; 55200.000000; 3516.000000; 3515.500000; 3515.500000; 3515.500000;
287; 2016-04-28 09:05:00.459 BRT; 55215.000000; 55200.000000; 55225.000000; 55195.000000; 3516.000000; 3515.500000; 3515.500000; 3515.500000;
288; 2016-04-28 09:05:01.463 BRT; 55210.000000; 55205.000000; 55225.000000; 55190.000000; 3516.000000; 3515.000000; 3516.000000; 3516.000000;
289; 2016-04-28 09:05:02.572 BRT; 55215.000000; 55200.000000; 55225.000000; 55185.000000; 3516.000000; 3515.500000; 3515.500000; 3515.500000;
290; 2016-04-28 09:05:03.587 BRT; 55215.000000; 55205.000000; 55225.000000; 55185.000000; 3516.000000; 3515.500000; 3515.500000; 3515.500000;
291; 2016-04-28 09:05:04.589 BRT; 55215.000000; 55201.000000; 55225.000000; 55180.000000; 3516.000000; 3515.000000; 3515.500000; 3515.500000;
292; 2016-04-28 09:05:05.601 BRT; 55215.000000; 55201.000000; 55225.000000; 55180.000000; 3516.000000; 3515.300000; 3515.500000; 3515.500000;
293; 2016-04-28 09:05:06.611 BRT; 55215.000000; 55201.000000; 55225.000000; 55180.000000; 3516.000000; 3515.400000; 3515.500000; 3515.500000;
294; 2016-04-28 09:05:07.678 BRT; 55215.000000; 55201.000000; 55225.000000; 55180.000000; 3516.200000; 3515.500000; 3515.500000; 3515.500000;
295; 2016-04-28 09:05:08.698 BRT; 55215.000000; 55201.000000; 55225.000000; 55180.000000; 3516.000000; 3515.500000; 3515.500000; 3515.500000;
296; 2016-04-28 09:05:09.709 BRT; 55215.000000; 55202.000000; 55225.000000; 55180.000000; 3516.100000; 3515.500000; 3515.500000; 3515.500000;
297; 2016-04-28 09:05:10.763 BRT; 55215.000000; 55205.000000; 55225.000000; 55185.000000; 3516.000000; 3515.500000; 3515.500000; 3515.500000;
298; 2016-04-28 09:05:11.764 BRT; 55215.000000; 55205.000000; 55225.000000; 55185.000000; 3516.500000; 3515.900000; 3516.000000; 3516.000000;
299; 2016-04-28 09:05:12.766 BRT; 55215.000000; 55205.000000; 55225.000000; 55185.000000; 3516.500000; 3515.600000; 3515.500000; 3515.500000;
300; 2016-04-28 09:05:13.768 BRT; 55215.000000; 55205.000000; 55225.000000; 55185.000000; 3516.500000; 3515.500000; 3515.500000; 3515.500000;
301; 2016-04-28 09:05:14.769 BRT; 55215.000000; 55204.000000; 55225.000000; 55185.000000; 3516.500000; 3515.500000; 3515.500000; 3515.500000;
302; 2016-04-28 09:05:15.778 BRT; 55215.000000; 55204.000000; 55225.000000; 55185.000000; 3516.500000; 3516.000000; 3515.500000; 3515.500000;
303; 2016-04-28 09:05:16.824 BRT; 55215.000000; 55205.000000; 55225.000000; 55185.000000; 3516.500000; 3516.000000; 3515.500000; 3515.500000;
304; 2016-04-28 09:05:17.841 BRT; 55215.000000; 55205.000000; 55225.000000; 55190.000000; 3516.500000; 3515.500000; 3515.500000; 3515.500000;
305; 2016-04-28 09:05:18.934 BRT; 55205.000000; 55200.000000; 55225.000000; 55190.000000; 3516.500000; 3515.500000; 3515.500000; 3515.500000;
306; 2016-04-28 09:05:19.957 BRT; 55215.000000; 55205.000000; 55225.000000; 55200.000000; 3516.000000; 3515.500000; 3515.500000; 3515.500000;
307; 2016-04-28 09:05:20.977 BRT; 55225.000000; 55210.000000; 55240.000000; 55200.000000; 3516.000000; 3515.500000; 3515.500000; 3515.500000;
308; 2016-04-28 09:05:22.280 BRT; 55225.000000; 55210.000000; 55240.000000; 55200.000000; 3516.000000; 3515.500000; 3515.500000; 3515.500000;
309; 2016-04-28 09:05:23.330 BRT; 55227.000000; 55210.000000; 55240.000000; 55200.000000; 3516.000000; 3515.500000; 3515.500000; 3515.500000;
310; 2016-04-28 09:05:24.117 BRT; 55227.000000; 55210.000000; 55240.000000; 55200.000000; 3516.000000; 3515.500000; 3515.500000; 3515.500000;
311; 2016-04-28 09:05:25.126 BRT; 55230.000000; 55215.000000; 55240.000000; 55200.000000; 3516.000000; 3515.500000; 3515.500000; 3515.500000;
312; 2016-04-28 09:05:26.189 BRT; 55231.000000; 55215.000000; 55240.000000; 55200.000000; 3516.000000; 3515.500000; 3515.500000; 3515.500000;
313; 2016-04-28 09:05:27.201 BRT; 55231.000000; 55215.000000; 55240.000000; 55200.000000; 3516.000000; 3515.500000; 3515.500000; 3515.500000;
314; 2016-04-28 09:05:28.277 BRT; 55230.000000; 55215.000000; 55240.000000; 55200.000000; 3516.000000; 3515.500000; 3515.500000; 3515.500000;
315; 2016-04-28 09:05:29.286 BRT; 55231.000000; 55215.000000; 55240.000000; 55200.000000; 3516.500000; 3515.900000; 3516.500000; 3516.500000;
316; 2016-04-28 09:05:30.290 BRT; 55235.000000; 55220.000000; 55240.000000; 55205.000000; 3516.500000; 3515.900000; 3516.500000; 3516.500000;
317; 2016-04-28 09:05:31.292 BRT; 55226.000000; 55215.000000; 55240.000000; 55200.000000; 3516.500000; 3515.900000; 3516.500000; 3516.500000;
318; 2016-04-28 09:05:32.309 BRT; 55226.000000; 55215.000000; 55240.000000; 55200.000000; 3516.500000; 3516.000000; 3516.500000; 3516.500000;
319; 2016-04-28 09:05:33.333 BRT; 55227.000000; 55215.000000; 55240.000000; 55205.000000; 3516.500000; 3515.900000; 3516.500000; 3516.500000;
320; 2016-04-28 09:05:34.333 BRT; 55245.000000; 55225.000000; 55250.000000; 55215.000000; 3516.500000; 3516.000000; 3516.500000; 3516.500000;
321; 2016-04-28 09:05:35.378 BRT; 55245.000000; 55230.000000; 55250.000000; 55215.000000; 3516.500000; 3516.000000; 3516.500000; 3516.500000;
322; 2016-04-28 09:05:36.454 BRT; 55245.000000; 55230.000000; 55250.000000; 55215.000000; 3516.800000; 3516.000000; 3516.500000; 3516.500000;
323; 2016-04-28 09:05:37.716 BRT; 55245.000000; 55230.000000; 55250.000000; 55215.000000; 3516.500000; 3516.000000; 3516.500000; 3516.500000;
324; 2016-04-28 09:05:38.729 BRT; 55245.000000; 55235.000000; 55250.000000; 55215.000000; 3516.500000; 3516.000000; 3516.500000; 3516.500000;
325; 2016-04-28 09:05:39.820 BRT; 55245.000000; 55235.000000; 55250.000000; 55215.000000; 3517.000000; 3516.500000; 3516.500000; 3516.500000;
326; 2016-04-28 09:05:40.841 BRT; 55245.000000; 55235.000000; 55250.000000; 55215.000000; 3516.000000; 3515.500000; 3516.500000; 3516.500000;
327; 2016-04-28 09:05:41.982 BRT; 55245.000000; 55235.000000; 55250.000000; 55215.000000; 3516.000000; 3515.500000; 3516.500000; 3516.500000;
328; 2016-04-28 09:05:42.990 BRT; 55245.000000; 55239.000000; 55250.000000; 55220.000000; 3516.000000; 3515.500000; 3516.500000; 3516.500000;
329; 2016-04-28 09:05:44.120 BRT; 55245.000000; 55239.000000; 55250.000000; 55220.000000; 3516.000000; 3515.500000; 3516.500000; 3516.500000;
330; 2016-04-28 09:05:45.710 BRT; 55250.000000; 55242.000000; 55250.000000; 55220.000000; 3516.000000; 3515.500000; 3516.500000; 3516.500000;
331; 2016-04-28 09:05:46.206 BRT; 55247.000000; 55234.000000; 55250.000000; 55220.000000; 3515.000000; 3514.500000; 3515.000000; 3515.000000;
332; 2016-04-28 09:05:47.218 BRT; 55246.000000; 55235.000000; 55250.000000; 55220.000000; 3515.000000; 3514.500000; 3515.000000; 3515.000000;
333; 2016-04-28 09:05:48.229 BRT; 55250.000000; 55239.000000; 55250.000000; 55225.000000; 3515.000000; 3514.500000; 3515.000000; 3515.000000;
334; 2016-04-28 09:05:49.234 BRT; 55250.000000; 55239.000000; 55250.000000; 55220.000000; 3515.000000; 3514.500000; 3515.000000; 3515.000000;
335; 2016-04-28 09:05:50.241 BRT; 55255.000000; 55245.000000; 55260.000000; 55230.000000; 3515.000000; 3514.500000; 3515.000000; 3515.000000;
336; 2016-04-28 09:05:51.279 BRT; 55255.000000; 55245.000000; 55260.000000; 55225.000000; 3515.000000; 3514.500000; 3515.000000; 3515.000000;
337; 2016-04-28 09:05:52.309 BRT; 55260.000000; 55250.000000; 55265.000000; 55240.000000; 3515.000000; 3514.500000; 3515.000000; 3515.000000;
338; 2016-04-28 09:05:53.369 BRT; 55260.000000; 55250.000000; 55265.000000; 55240.000000; 3515.000000; 3514.500000; 3515.000000; 3515.000000;
339; 2016-04-28 09:05:54.376 BRT; 55270.000000; 55260.000000; 55275.000000; 55250.000000; 3515.000000; 3514.500000; 3515.000000; 3515.000000;
340; 2016-04-28 09:05:55.378 BRT; 55270.000000; 55260.000000; 55275.000000; 55250.000000; 3514.500000; 3514.000000; 3514.500000; 3514.500000;
341; 2016-04-28 09:05:56.412 BRT; 55270.000000; 55256.000000; 55275.000000; 55250.000000; 3514.500000; 3514.000000; 3514.500000; 3514.500000;
342; 2016-04-28 09:05:57.414 BRT; 55264.000000; 55255.000000; 55270.000000; 55245.000000; 3514.600000; 3514.000000; 3514.500000; 3514.500000;
343; 2016-04-28 09:05:58.423 BRT; 55260.000000; 55255.000000; 55265.000000; 55245.000000; 3514.500000; 3514.000000; 3514.500000; 3514.500000;
344; 2016-04-28 09:05:59.441 BRT; 55270.000000; 55257.000000; 55275.000000; 55245.000000; 3514.500000; 3514.000000; 3514.500000; 3514.500000;
345; 2016-04-28 09:06:00.510 BRT; 55270.000000; 55255.000000; 55275.000000; 55250.000000; 3514.500000; 3514.000000; 3514.000000; 3514.000000;
346; 2016-04-28 09:06:01.571 BRT; 55270.000000; 55260.000000; 55275.000000; 55250.000000; 3515.000000; 3514.500000; 3514.000000; 3514.000000;
347; 2016-04-28 09:06:02.659 BRT; 55270.000000; 55256.000000; 55275.000000; 55250.000000; 3515.000000; 3514.500000; 3515.000000; 3515.000000;
348; 2016-04-28 09:06:03.673 BRT; 55270.000000; 55257.000000; 55275.000000; 55250.000000; 3515.000000; 3514.500000; 3515.000000; 3515.000000;
349; 2016-04-28 09:06:04.731 BRT; 55270.000000; 55257.000000; 55275.000000; 55250.000000; 3515.300000; 3514.500000; 3515.000000; 3515.000000;
350; 2016-04-28 09:06:05.837 BRT; 55270.000000; 55255.000000; 55275.000000; 55245.000000; 3515.500000; 3514.500000; 3515.000000; 3515.000000;
351; 2016-04-28 09:06:06.843 BRT; 55270.000000; 55255.000000; 55275.000000; 55245.000000; 3515.500000; 3514.500000; 3515.000000; 3515.000000;
352; 2016-04-28 09:06:07.973 BRT; 55270.000000; 55255.000000; 55275.000000; 55245.000000; 3515.500000; 3514.700000; 3514.500000; 3514.500000;
353; 2016-04-28 09:06:09.130 BRT; 55270.000000; 55255.000000; 55275.000000; 55245.000000; 3515.400000; 3514.500000; 3514.500000; 3514.500000;
354; 2016-04-28 09:06:10.280 BRT; 55266.000000; 55255.000000; 55275.000000; 55245.000000; 3515.000000; 3514.500000; 3514.500000; 3514.500000;
355; 2016-04-28 09:06:11.300 BRT; 55270.000000; 55255.000000; 55275.000000; 55245.000000; 3514.700000; 3514.000000; 3514.500000; 3514.500000;
356; 2016-04-28 09:06:12.540 BRT; 55268.000000; 55256.000000; 55275.000000; 55250.000000; 3515.000000; 3514.300000; 3514.000000; 3514.000000;
357; 2016-04-28 09:06:13.600 BRT; 55295.000000; 55281.000000; 55300.000000; 55275.000000; 3515.000000; 3514.000000; 3514.000000; 3514.000000;
358; 2016-04-28 09:06:14.870 BRT; 55295.000000; 55290.000000; 55300.000000; 55280.000000; 3514.800000; 3514.000000; 3514.000000; 3514.000000;
359; 2016-04-28 09:06:15.102 BRT; 55295.000000; 55285.000000; 55300.000000; 55275.000000; 3515.000000; 3514.000000; 3514.000000; 3514.000000;
360; 2016-04-28 09:06:16.104 BRT; 55295.000000; 55285.000000; 55300.000000; 55275.000000; 3515.000000; 3514.000000; 3514.000000; 3514.000000;
361; 2016-04-28 09:06:17.104 BRT; 55295.000000; 55285.000000; 55305.000000; 55275.000000; 3515.000000; 3514.100000; 3514.000000; 3514.000000;
362; 2016-04-28 09:06:18.180 BRT; 55295.000000; 55285.000000; 55305.000000; 55275.000000; 3515.000000; 3514.200000; 3514.000000; 3514.000000;
363; 2016-04-28 09:06:19.199 BRT; 55295.000000; 55280.000000; 55295.000000; 55265.000000; 3515.000000; 3514.400000; 3514.000000; 3514.000000;
364; 2016-04-28 09:06:20.233 BRT; 55295.000000; 55280.000000; 55295.000000; 55265.000000; 3515.000000; 3514.500000; 3515.000000; 3515.000000;
365; 2016-04-28 09:06:21.235 BRT; 55296.000000; 55280.000000; 55295.000000; 55270.000000; 3515.000000; 3514.500000; 3515.000000; 3515.000000;
366; 2016-04-28 09:06:22.237 BRT; 55290.000000; 55280.000000; 55295.000000; 55270.000000; 3512.500000; 3512.000000; 3513.000000; 3513.000000;
367; 2016-04-28 09:06:23.243 BRT; 55295.000000; 55280.000000; 55300.000000; 55270.000000; 3512.500000; 3511.500000; 3513.000000; 3513.000000;
368; 2016-04-28 09:06:24.309 BRT; 55300.000000; 55290.000000; 55305.000000; 55280.000000; 3512.500000; 3511.900000; 3513.000000; 3513.000000;
369; 2016-04-28 09:06:25.318 BRT; 55300.000000; 55290.000000; 55305.000000; 55275.000000; 3512.500000; 3512.000000; 3512.000000; 3512.000000;
370; 2016-04-28 09:06:26.356 BRT; 55295.000000; 55287.000000; 55305.000000; 55270.000000; 3512.500000; 3512.000000; 3512.000000; 3512.000000;
371; 2016-04-28 09:06:27.367 BRT; 55295.000000; 55283.000000; 55305.000000; 55275.000000; 3512.500000; 3511.900000; 3512.000000; 3512.000000;
372; 2016-04-28 09:06:28.402 BRT; 55295.000000; 55280.000000; 55305.000000; 55265.000000; 3512.500000; 3512.000000; 3512.000000; 3512.000000;
373; 2016-04-28 09:06:29.410 BRT; 55285.000000; 55275.000000; 55295.000000; 55265.000000; 3512.500000; 3512.000000; 3513.000000; 3513.000000;
374; 2016-04-28 09:06:30.421 BRT; 55290.000000; 55280.000000; 55295.000000; 55270.000000; 3512.500000; 3512.000000; 3513.000000; 3513.000000;
375; 2016-04-28 09:06:31.456 BRT; 55290.000000; 55277.000000; 55295.000000; 55265.000000; 3512.500000; 3512.000000; 3513.000000; 3513.000000;
376; 2016-04-28 09:06:32.542 BRT; 55290.000000; 55278.000000; 55295.000000; 55265.000000; 3513.000000; 3512.000000; 3512.500000; 3512.500000;
377; 2016-04-28 09:06:33.700 BRT; 55290.000000; 55278.000000; 55295.000000; 55265.000000; 3513.000000; 3512.000000; 3512.000000; 3512.000000;
378; 2016-04-28 09:06:34.707 BRT; 55290.000000; 55280.000000; 55295.000000; 55270.000000; 3513.000000; 3512.000000; 3512.000000; 3512.000000;
379; 2016-04-28 09:06:35.724 BRT; 55290.000000; 55285.000000; 55295.000000; 55270.000000; 3513.000000; 3512.000000; 3512.000000; 3512.000000;
380; 2016-04-28 09:06:36.741 BRT; 55295.000000; 55285.000000; 55305.000000; 55275.000000; 3512.000000; 3511.500000; 3512.000000; 3512.000000;
381; 2016-04-28 09:06:37.757 BRT; 55290.000000; 55280.000000; 55300.000000; 55270.000000; 3512.500000; 3512.000000; 3512.000000; 3512.000000;
382; 2016-04-28 09:06:38.830 BRT; 55300.000000; 55290.000000; 55305.000000; 55285.000000; 3512.500000; 3512.000000; 3512.000000; 3512.000000;
383; 2016-04-28 09:06:39.908 BRT; 55300.000000; 55290.000000; 55305.000000; 55285.000000; 3512.500000; 3512.000000; 3512.500000; 3512.500000;
384; 2016-04-28 09:06:40.960 BRT; 55300.000000; 55290.000000; 55305.000000; 55285.000000; 3513.000000; 3512.000000; 3512.500000; 3512.500000;
385; 2016-04-28 09:06:41.961 BRT; 55300.000000; 55290.000000; 55305.000000; 55285.000000; 3513.000000; 3512.000000; 3512.500000; 3512.500000;
386; 2016-04-28 09:06:43.640 BRT; 55295.000000; 55280.000000; 55305.000000; 55270.000000; 3513.000000; 3512.000000; 3512.500000; 3512.500000;
387; 2016-04-28 09:06:44.128 BRT; 55294.000000; 55283.000000; 55305.000000; 55270.000000; 3513.000000; 3512.000000; 3512.500000; 3512.500000;
388; 2016-04-28 09:06:45.133 BRT; 55294.000000; 55283.000000; 55305.000000; 55270.000000; 3513.000000; 3512.500000; 3512.500000; 3512.500000;
389; 2016-04-28 09:06:46.141 BRT; 55295.000000; 55285.000000; 55305.000000; 55275.000000; 3512.500000; 3511.500000; 3511.000000; 3511.000000;
390; 2016-04-28 09:06:47.227 BRT; 55290.000000; 55285.000000; 55300.000000; 55270.000000; 3512.500000; 3511.500000; 3511.000000; 3511.000000;
391; 2016-04-28 09:06:48.278 BRT; 55290.000000; 55279.000000; 55295.000000; 55270.000000; 3512.500000; 3512.000000; 3511.000000; 3511.000000;
392; 2016-04-28 09:06:49.345 BRT; 55290.000000; 55280.000000; 55295.000000; 55270.000000; 3512.500000; 3511.900000; 3511.000000; 3511.000000;
393; 2016-04-28 09:06:50.388 BRT; 55290.000000; 55280.000000; 55295.000000; 55270.000000; 3512.500000; 3512.000000; 3511.000000; 3511.000000;
394; 2016-04-28 09:06:51.403 BRT; 55290.000000; 55280.000000; 55295.000000; 55270.000000; 3513.000000; 3512.000000; 3511.000000; 3511.000000;
395; 2016-04-28 09:06:52.577 BRT; 55290.000000; 55278.000000; 55295.000000; 55270.000000; 3512.500000; 3512.000000; 3511.000000; 3511.000000;
396; 2016-04-28 09:06:53.614 BRT; 55295.000000; 55285.000000; 55295.000000; 55275.000000; 3512.700000; 3512.000000; 3511.500000; 3511.500000;
397; 2016-04-28 09:06:54.629 BRT; 55295.000000; 55285.000000; 55295.000000; 55275.000000; 3513.000000; 3512.000000; 3511.500000; 3511.500000;
398; 2016-04-28 09:06:55.636 BRT; 55294.000000; 55285.000000; 55295.000000; 55275.000000; 3513.000000; 3512.500000; 3512.500000; 3512.500000;
399; 2016-04-28 09:06:56.680 BRT; 55294.000000; 55285.000000; 55295.000000; 55275.000000; 3513.500000; 3513.000000; 3513.000000; 3513.000000;
400; 2016-04-28 09:06:57.780 BRT; 55295.000000; 55285.000000; 55295.000000; 55275.000000; 3513.500000; 3513.000000; 3513.000000; 3513.000000;
401; 2016-04-28 09:06:58.789 BRT; 55300.000000; 55290.000000; 55305.000000; 55280.000000; 3513.500000; 3513.000000; 3513.000000; 3513.000000;
402; 2016-04-28 09:06:59.849 BRT; 55300.000000; 55288.000000; 55305.000000; 55280.000000; 3513.000000; 3512.500000; 3513.000000; 3513.000000;
403; 2016-04-28 09:07:00.853 BRT; 55300.000000; 55290.000000; 55305.000000; 55280.000000; 3513.500000; 3513.000000; 3513.000000; 3513.000000;
404; 2016-04-28 09:07:01.858 BRT; 55300.000000; 55290.000000; 55305.000000; 55280.000000; 3513.500000; 3513.000000; 3513.500000; 3513.500000;
405; 2016-04-28 09:07:02.946 BRT; 55305.000000; 55290.000000; 55305.000000; 55280.000000; 3513.500000; 3513.000000; 3512.500000; 3512.500000;
406; 2016-04-28 09:07:04.600 BRT; 55305.000000; 55290.000000; 55305.000000; 55280.000000; 3514.000000; 3513.000000; 3514.000000; 3514.000000;
407; 2016-04-28 09:07:05.190 BRT; 55305.000000; 55290.000000; 55305.000000; 55280.000000; 3513.600000; 3513.000000; 3514.000000; 3514.000000;
408; 2016-04-28 09:07:06.304 BRT; 55305.000000; 55290.000000; 55305.000000; 55280.000000; 3513.500000; 3513.000000; 3512.500000; 3512.500000;
409; 2016-04-28 09:07:07.582 BRT; 55310.000000; 55300.000000; 55315.000000; 55285.000000; 3512.500000; 3512.000000; 3512.000000; 3512.000000;
410; 2016-04-28 09:07:08.591 BRT; 55310.000000; 55297.000000; 55315.000000; 55285.000000; 3512.500000; 3512.000000; 3512.000000; 3512.000000;
411; 2016-04-28 09:07:09.617 BRT; 55310.000000; 55300.000000; 55315.000000; 55285.000000; 3512.000000; 3511.300000; 3511.000000; 3511.000000;
412; 2016-04-28 09:07:10.664 BRT; 55310.000000; 55300.000000; 55315.000000; 55285.000000; 3512.500000; 3511.500000; 3511.000000; 3511.000000;
413; 2016-04-28 09:07:11.729 BRT; 55310.000000; 55300.000000; 55315.000000; 55290.000000; 3512.000000; 3511.500000; 3511.000000; 3511.000000;
414; 2016-04-28 09:07:12.798 BRT; 55304.000000; 55290.000000; 55310.000000; 55280.000000; 3512.000000; 3511.000000; 3511.000000; 3511.000000;
415; 2016-04-28 09:07:13.802 BRT; 55305.000000; 55290.000000; 55310.000000; 55280.000000; 3512.000000; 3511.500000; 3511.000000; 3511.000000;
416; 2016-04-28 09:07:14.853 BRT; 55300.000000; 55289.000000; 55310.000000; 55280.000000; 3512.000000; 3511.000000; 3511.000000; 3511.000000;
417; 2016-04-28 09:07:15.910 BRT; 55305.000000; 55295.000000; 55310.000000; 55285.000000; 3512.500000; 3511.500000; 3511.500000; 3511.500000;
418; 2016-04-28 09:07:16.917 BRT; 55305.000000; 55296.000000; 55310.000000; 55285.000000; 3512.500000; 3511.500000; 3511.500000; 3511.500000;
419; 2016-04-28 09:07:17.932 BRT; 55306.000000; 55298.000000; 55310.000000; 55285.000000; 3512.500000; 3512.000000; 3511.500000; 3511.500000;
420; 2016-04-28 09:07:18.977 BRT; 55305.000000; 55295.000000; 55310.000000; 55285.000000; 3512.500000; 3512.000000; 3511.500000; 3511.500000;
421; 2016-04-28 09:07:19.983 BRT; 55305.000000; 55292.000000; 55310.000000; 55285.000000; 3512.500000; 3512.000000; 3511.500000; 3511.500000;
422; 2016-04-28 09:07:20.986 BRT; 55305.000000; 55295.000000; 55310.000000; 55285.000000; 3512.500000; 3512.000000; 3511.500000; 3511.500000;
423; 2016-04-28 09:07:22.140 BRT; 55245.000000; 55235.000000; 55265.000000; 55235.000000; 3512.500000; 3512.000000; 3511.500000; 3511.500000;
424; 2016-04-28 09:07:23.106 BRT; 55240.000000; 55227.000000; 55250.000000; 55225.000000; 3512.900000; 3512.000000; 3511.500000; 3511.500000;
425; 2016-04-28 09:07:24.109 BRT; 55240.000000; 55230.000000; 55245.000000; 55225.000000; 3513.000000; 3512.000000; 3511.500000; 3511.500000;
426; 2016-04-28 09:07:25.151 BRT; 55235.000000; 55220.000000; 55250.000000; 55215.000000; 3512.500000; 3512.000000; 3511.500000; 3511.500000;
427; 2016-04-28 09:07:26.154 BRT; 55235.000000; 55220.000000; 55250.000000; 55215.000000; 3512.500000; 3512.000000; 3511.500000; 3511.500000;
428; 2016-04-28 09:07:27.187 BRT; 55235.000000; 55221.000000; 55250.000000; 55215.000000; 3512.500000; 3512.000000; 3511.500000; 3511.500000;
429; 2016-04-28 09:07:28.209 BRT; 55235.000000; 55221.000000; 55250.000000; 55215.000000; 3513.000000; 3512.500000; 3511.500000; 3511.500000;
430; 2016-04-28 09:07:29.228 BRT; 55240.000000; 55226.000000; 55250.000000; 55215.000000; 3513.000000; 3512.500000; 3513.000000; 3513.000000;
431; 2016-04-28 09:07:30.259 BRT; 55236.000000; 55221.000000; 55250.000000; 55215.000000; 3513.000000; 3512.500000; 3513.000000; 3513.000000;
432; 2016-04-28 09:07:31.273 BRT; 55237.000000; 55222.000000; 55250.000000; 55215.000000; 3513.000000; 3512.500000; 3513.000000; 3513.000000;
433; 2016-04-28 09:07:32.279 BRT; 55230.000000; 55221.000000; 55250.000000; 55215.000000; 3513.000000; 3512.500000; 3513.000000; 3513.000000;
434; 2016-04-28 09:07:33.299 BRT; 55230.000000; 55225.000000; 55250.000000; 55215.000000; 3513.000000; 3512.500000; 3513.000000; 3513.000000;
435; 2016-04-28 09:07:34.343 BRT; 55230.000000; 55220.000000; 55250.000000; 55215.000000; 3513.800000; 3513.000000; 3513.000000; 3513.000000;
436; 2016-04-28 09:07:35.361 BRT; 55230.000000; 55220.000000; 55250.000000; 55215.000000; 3514.000000; 3513.300000; 3513.000000; 3513.000000;
437; 2016-04-28 09:07:36.461 BRT; 55231.000000; 55220.000000; 55250.000000; 55215.000000; 3514.000000; 3513.500000; 3513.500000; 3513.500000;
438; 2016-04-28 09:07:37.476 BRT; 55170.000000; 55160.000000; 55185.000000; 55155.000000; 3514.500000; 3514.000000; 3513.500000; 3513.500000;
439; 2016-04-28 09:07:38.491 BRT; 55175.000000; 55165.000000; 55185.000000; 55160.000000; 3514.900000; 3514.000000; 3513.500000; 3513.500000;
440; 2016-04-28 09:07:39.501 BRT; 55170.000000; 55157.000000; 55185.000000; 55155.000000; 3514.500000; 3514.000000; 3513.500000; 3513.500000;
441; 2016-04-28 09:07:40.510 BRT; 55170.000000; 55160.000000; 55180.000000; 55160.000000; 3514.500000; 3514.000000; 3513.500000; 3513.500000;
442; 2016-04-28 09:07:41.544 BRT; 55175.000000; 55165.000000; 55185.000000; 55160.000000; 3514.500000; 3514.000000; 3513.500000; 3513.500000;
443; 2016-04-28 09:07:42.554 BRT; 55180.000000; 55170.000000; 55185.000000; 55160.000000; 3514.500000; 3514.000000; 3513.500000; 3513.500000;
444; 2016-04-28 09:07:43.575 BRT; 55175.000000; 55165.000000; 55185.000000; 55160.000000; 3514.500000; 3514.000000; 3513.500000; 3513.500000;
445; 2016-04-28 09:07:44.621 BRT; 55175.000000; 55162.000000; 55185.000000; 55160.000000; 3515.000000; 3514.300000; 3514.500000; 3514.500000;
446; 2016-04-28 09:07:45.648 BRT; 55180.000000; 55170.000000; 55185.000000; 55165.000000; 3515.000000; 3514.500000; 3514.500000; 3514.500000;
447; 2016-04-28 09:07:46.715 BRT; 55180.000000; 55170.000000; 55190.000000; 55165.000000; 3515.000000; 3514.500000; 3514.500000; 3514.500000;
448; 2016-04-28 09:07:47.722 BRT; 55180.000000; 55170.000000; 55190.000000; 55165.000000; 3515.000000; 3514.500000; 3514.500000; 3514.500000;
449; 2016-04-28 09:07:48.730 BRT; 55185.000000; 55170.000000; 55190.000000; 55165.000000; 3515.000000; 3514.500000; 3514.500000; 3514.500000;
450; 2016-04-28 09:07:49.737 BRT; 55185.000000; 55175.000000; 55190.000000; 55165.000000; 3515.000000; 3514.500000; 3514.500000; 3514.500000;
451; 2016-04-28 09:07:50.783 BRT; 55185.000000; 55175.000000; 55190.000000; 55165.000000; 3515.000000; 3514.500000; 3514.500000; 3514.500000;
452; 2016-04-28 09:07:51.783 BRT; 55215.000000; 55200.000000; 55225.000000; 55200.000000; 3515.000000; 3514.500000; 3514.500000; 3514.500000;
453; 2016-04-28 09:07:52.804 BRT; 55210.000000; 55200.000000; 55210.000000; 55200.000000; 3515.000000; 3514.500000; 3514.500000; 3514.500000;
454; 2016-04-28 09:07:53.825 BRT; 55220.000000; 55210.000000; 55225.000000; 55210.000000; 3515.000000; 3514.500000; 3514.500000; 3514.500000;
455; 2016-04-28 09:07:54.830 BRT; 55220.000000; 55210.000000; 55225.000000; 55210.000000; 3515.000000; 3514.500000; 3514.500000; 3514.500000;
456; 2016-04-28 09:07:55.865 BRT; 55220.000000; 55210.000000; 55225.000000; 55210.000000; 3515.000000; 3514.500000; 3514.500000; 3514.500000;
457; 2016-04-28 09:07:56.868 BRT; 55220.000000; 55210.000000; 55225.000000; 55210.000000; 3515.000000; 3514.500000; 3514.500000; 3514.500000;
458; 2016-04-28 09:07:57.874 BRT; 55225.000000; 55215.000000; 55230.000000; 55210.000000; 3515.000000; 3514.300000; 3514.500000; 3514.500000;
459; 2016-04-28 09:07:58.881 BRT; 55227.000000; 55216.000000; 55235.000000; 55210.000000; 3514.500000; 3514.000000; 3514.500000; 3514.500000;
460; 2016-04-28 09:07:59.881 BRT; 55227.000000; 55216.000000; 55235.000000; 55210.000000; 3514.500000; 3514.000000; 3514.500000; 3514.500000;
461; 2016-04-28 09:08:00.885 BRT; 55230.000000; 55220.000000; 55245.000000; 55210.000000; 3515.000000; 3514.500000; 3514.500000; 3514.500000;
462; 2016-04-28 09:08:01.919 BRT; 55225.000000; 55220.000000; 55235.000000; 55210.000000; 3514.500000; 3514.000000; 3514.000000; 3514.000000;
463; 2016-04-28 09:08:02.964 BRT; 55230.000000; 55215.000000; 55235.000000; 55210.000000; 3514.500000; 3514.000000; 3514.000000; 3514.000000;
464; 2016-04-28 09:08:03.984 BRT; 55230.000000; 55220.000000; 55235.000000; 55210.000000; 3514.500000; 3514.000000; 3514.000000; 3514.000000;
465; 2016-04-28 09:08:04.999 BRT; 55230.000000; 55220.000000; 55235.000000; 55210.000000; 3514.500000; 3514.000000; 3514.000000; 3514.000000;
466; 2016-04-28 09:08:06.460 BRT; 55230.000000; 55224.000000; 55235.000000; 55210.000000; 3514.500000; 3514.000000; 3514.000000; 3514.000000;
467; 2016-04-28 09:08:07.131 BRT; 55230.000000; 55220.000000; 55235.000000; 55210.000000; 3514.500000; 3514.000000; 3514.500000; 3514.500000;
468; 2016-04-28 09:08:08.177 BRT; 55230.000000; 55218.000000; 55235.000000; 55210.000000; 3514.500000; 3514.000000; 3514.500000; 3514.500000;
469; 2016-04-28 09:08:09.194 BRT; 55230.000000; 55218.000000; 55235.000000; 55210.000000; 3514.500000; 3514.000000; 3514.500000; 3514.500000;
470; 2016-04-28 09:08:10.390 BRT; 55230.000000; 55219.000000; 55235.000000; 55210.000000; 3514.500000; 3514.000000; 3514.500000; 3514.500000;
471; 2016-04-28 09:08:11.412 BRT; 55230.000000; 55220.000000; 55235.000000; 55210.000000; 3514.500000; 3514.000000; 3514.500000; 3514.500000;
472; 2016-04-28 09:08:12.443 BRT; 55230.000000; 55220.000000; 55235.000000; 55210.000000; 3514.500000; 3514.000000; 3514.500000; 3514.500000;
473; 2016-04-28 09:08:13.454 BRT; 55230.000000; 55220.000000; 55235.000000; 55210.000000; 3514.500000; 3514.000000; 3514.500000; 3514.500000;
474; 2016-04-28 09:08:14.483 BRT; 55230.000000; 55220.000000; 55235.000000; 55210.000000; 3514.500000; 3514.000000; 3514.500000; 3514.500000;
475; 2016-04-28 09:08:15.555 BRT; 55225.000000; 55220.000000; 55235.000000; 55210.000000; 3514.500000; 3514.000000; 3514.500000; 3514.500000;
476; 2016-04-28 09:08:16.597 BRT; 55225.000000; 55220.000000; 55230.000000; 55210.000000; 3514.500000; 3514.000000; 3514.500000; 3514.500000;
477; 2016-04-28 09:08:17.610 BRT; 55225.000000; 55219.000000; 55230.000000; 55210.000000; 3514.500000; 3514.000000; 3514.500000; 3514.500000;
478; 2016-04-28 09:08:18.695 BRT; 55225.000000; 55220.000000; 55230.000000; 55210.000000; 3514.500000; 3514.000000; 3514.500000; 3514.500000;
479; 2016-04-28 09:08:19.708 BRT; 55210.000000; 55200.000000; 55220.000000; 55190.000000; 3514.500000; 3514.000000; 3514.500000; 3514.500000;
480; 2016-04-28 09:08:20.906 BRT; 55205.000000; 55195.000000; 55220.000000; 55185.000000; 3514.500000; 3514.000000; 3514.500000; 3514.500000;
481; 2016-04-28 09:08:21.924 BRT; 55205.000000; 55195.000000; 55215.000000; 55185.000000; 3514.500000; 3514.000000; 3514.500000; 3514.500000;
482; 2016-04-28 09:08:23.100 BRT; 55205.000000; 55195.000000; 55215.000000; 55185.000000; 3514.500000; 3514.000000; 3514.500000; 3514.500000;
483; 2016-04-28 09:08:24.113 BRT; 55210.000000; 55200.000000; 55220.000000; 55190.000000; 3515.000000; 3514.000000; 3515.000000; 3515.000000;
484; 2016-04-28 09:08:25.128 BRT; 55210.000000; 55200.000000; 55220.000000; 55190.000000; 3514.800000; 3514.000000; 3515.000000; 3515.000000;
485; 2016-04-28 09:08:26.436 BRT; 55210.000000; 55200.000000; 55220.000000; 55190.000000; 3514.500000; 3514.000000; 3515.000000; 3515.000000;
486; 2016-04-28 09:08:27.453 BRT; 55210.000000; 55201.000000; 55220.000000; 55190.000000; 3514.500000; 3514.000000; 3515.000000; 3515.000000;
487; 2016-04-28 09:08:28.555 BRT; 55210.000000; 55200.000000; 55220.000000; 55190.000000; 3514.500000; 3514.000000; 3515.000000; 3515.000000;
488; 2016-04-28 09:08:29.590 BRT; 55205.000000; 55190.000000; 55215.000000; 55180.000000; 3515.200000; 3514.500000; 3515.000000; 3515.000000;
489; 2016-04-28 09:08:30.591 BRT; 55205.000000; 55190.000000; 55215.000000; 55185.000000; 3515.100000; 3514.500000; 3515.000000; 3515.000000;
490; 2016-04-28 09:08:31.591 BRT; 55205.000000; 55195.000000; 55220.000000; 55185.000000; 3515.000000; 3514.500000; 3515.000000; 3515.000000;
491; 2016-04-28 09:08:32.788 BRT; 55203.000000; 55190.000000; 55215.000000; 55185.000000; 3515.000000; 3514.500000; 3515.000000; 3515.000000;
492; 2016-04-28 09:08:33.812 BRT; 55205.000000; 55200.000000; 55220.000000; 55185.000000; 3515.000000; 3514.500000; 3515.000000; 3515.000000;
493; 2016-04-28 09:08:34.839 BRT; 55205.000000; 55200.000000; 55220.000000; 55185.000000; 3515.000000; 3514.500000; 3515.000000; 3515.000000;
494; 2016-04-28 09:08:35.853 BRT; 55205.000000; 55200.000000; 55220.000000; 55185.000000; 3515.000000; 3514.500000; 3515.000000; 3515.000000;
495; 2016-04-28 09:08:36.886 BRT; 55210.000000; 55200.000000; 55220.000000; 55185.000000; 3515.200000; 3514.500000; 3515.000000; 3515.000000;
496; 2016-04-28 09:08:37.987 BRT; 55210.000000; 55200.000000; 55220.000000; 55185.000000; 3515.100000; 3514.500000; 3515.000000; 3515.000000;
497; 2016-04-28 09:08:38.987 BRT; 55210.000000; 55200.000000; 55220.000000; 55185.000000; 3515.100000; 3514.500000; 3515.000000; 3515.000000;
498; 2016-04-28 09:08:39.988 BRT; 55210.000000; 55200.000000; 55220.000000; 55185.000000; 3515.300000; 3514.500000; 3515.000000; 3515.000000;
499; 2016-04-28 09:08:40.999 BRT; 55212.000000; 55205.000000; 55220.000000; 55190.000000; 3515.000000; 3514.500000; 3514.500000; 3514.500000;
500; 2016-04-28 09:08:42.270 BRT; 55210.000000; 55200.000000; 55220.000000; 55185.000000; 3514.500000; 3514.000000; 3514.000000; 3514.000000;
501; 2016-04-28 09:08:43.710 BRT; 55210.000000; 55200.000000; 55220.000000; 55185.000000; 3514.500000; 3514.000000; 3514.000000; 3514.000000;
502; 2016-04-28 09:08:44.740 BRT; 55210.000000; 55200.000000; 55220.000000; 55185.000000; 3514.500000; 3514.000000; 3514.000000; 3514.000000;
503; 2016-04-28 09:08:45.106 BRT; 55210.000000; 55200.000000; 55220.000000; 55185.000000; 3514.500000; 3514.000000; 3514.000000; 3514.000000;
504; 2016-04-28 09:08:46.116 BRT; 55210.000000; 55200.000000; 55220.000000; 55190.000000; 3514.500000; 3514.000000; 3514.000000; 3514.000000;
505; 2016-04-28 09:08:47.204 BRT; 55213.000000; 55205.000000; 55220.000000; 55190.000000; 3514.000000; 3513.500000; 3514.000000; 3514.000000;
506; 2016-04-28 09:08:48.204 BRT; 55209.000000; 55200.000000; 55220.000000; 55190.000000; 3514.000000; 3513.500000; 3513.000000; 3513.000000;
507; 2016-04-28 09:08:49.221 BRT; 55209.000000; 55200.000000; 55220.000000; 55190.000000; 3513.500000; 3513.000000; 3513.000000; 3513.000000;
508; 2016-04-28 09:08:50.342 BRT; 55209.000000; 55200.000000; 55220.000000; 55190.000000; 3513.500000; 3513.000000; 3513.000000; 3513.000000;
509; 2016-04-28 09:08:51.393 BRT; 55205.000000; 55200.000000; 55220.000000; 55190.000000; 3513.500000; 3513.000000; 3513.000000; 3513.000000;
510; 2016-04-28 09:08:52.396 BRT; 55205.000000; 55200.000000; 55220.000000; 55190.000000; 3513.500000; 3513.000000; 3513.000000; 3513.000000;
511; 2016-04-28 09:08:53.463 BRT; 55205.000000; 55200.000000; 55220.000000; 55190.000000; 3513.500000; 3513.000000; 3513.000000; 3513.000000;
512; 2016-04-28 09:08:54.520 BRT; 55205.000000; 55200.000000; 55220.000000; 55190.000000; 3513.800000; 3513.000000; 3513.000000; 3513.000000;
513; 2016-04-28 09:08:55.615 BRT; 55205.000000; 55200.000000; 55220.000000; 55190.000000; 3513.800000; 3513.000000; 3513.000000; 3513.000000;
514; 2016-04-28 09:08:56.637 BRT; 55205.000000; 55200.000000; 55220.000000; 55190.000000; 3513.600000; 3513.000000; 3513.000000; 3513.000000;
515; 2016-04-28 09:08:57.671 BRT; 55210.000000; 55200.000000; 55220.000000; 55190.000000; 3513.500000; 3513.000000; 3513.000000; 3513.000000;
516; 2016-04-28 09:08:58.676 BRT; 55210.000000; 55200.000000; 55220.000000; 55190.000000; 3513.000000; 3512.500000; 3512.500000; 3512.500000;
517; 2016-04-28 09:08:59.698 BRT; 55210.000000; 55200.000000; 55220.000000; 55190.000000; 3513.000000; 3512.500000; 3512.500000; 3512.500000;
518; 2016-04-28 09:09:00.706 BRT; 55210.000000; 55200.000000; 55220.000000; 55190.000000; 3513.000000; 3512.500000; 3512.500000; 3512.500000;
519; 2016-04-28 09:09:01.748 BRT; 55210.000000; 55200.000000; 55220.000000; 55190.000000; 3513.000000; 3512.500000; 3512.500000; 3512.500000;
520; 2016-04-28 09:09:02.767 BRT; 55215.000000; 55205.000000; 55220.000000; 55195.000000; 3513.000000; 3512.500000; 3512.500000; 3512.500000;
521; 2016-04-28 09:09:03.822 BRT; 55215.000000; 55205.000000; 55220.000000; 55195.000000; 3512.700000; 3512.000000; 3512.500000; 3512.500000;
522; 2016-04-28 09:09:04.829 BRT; 55210.000000; 55200.000000; 55220.000000; 55190.000000; 3512.500000; 3512.000000; 3512.500000; 3512.500000;
523; 2016-04-28 09:09:05.957 BRT; 55210.000000; 55200.000000; 55220.000000; 55190.000000; 3512.500000; 3512.000000; 3512.500000; 3512.500000;
524; 2016-04-28 09:09:07.140 BRT; 55210.000000; 55200.000000; 55220.000000; 55195.000000; 3512.900000; 3512.000000; 3512.500000; 3512.500000;
525; 2016-04-28 09:09:08.196 BRT; 55210.000000; 55200.000000; 55220.000000; 55195.000000; 3513.000000; 3512.000000; 3512.500000; 3512.500000;
526; 2016-04-28 09:09:09.198 BRT; 55210.000000; 55200.000000; 55220.000000; 55195.000000; 3513.000000; 3512.500000; 3512.500000; 3512.500000;
527; 2016-04-28 09:09:10.198 BRT; 55210.000000; 55200.000000; 55220.000000; 55195.000000; 3513.000000; 3512.500000; 3512.500000; 3512.500000;
528; 2016-04-28 09:09:11.247 BRT; 55210.000000; 55205.000000; 55220.000000; 55195.000000; 3513.000000; 3512.500000; 3512.500000; 3512.500000;
529; 2016-04-28 09:09:12.275 BRT; 55210.000000; 55205.000000; 55220.000000; 55195.000000; 3513.000000; 3512.500000; 3512.500000; 3512.500000;
530; 2016-04-28 09:09:13.282 BRT; 55210.000000; 55205.000000; 55220.000000; 55195.000000; 3513.000000; 3512.500000; 3512.500000; 3512.500000;
531; 2016-04-28 09:09:14.343 BRT; 55210.000000; 55200.000000; 55220.000000; 55195.000000; 3513.000000; 3512.500000; 3512.500000; 3512.500000;
532; 2016-04-28 09:09:15.361 BRT; 55205.000000; 55195.000000; 55215.000000; 55185.000000; 3513.500000; 3513.000000; 3512.500000; 3512.500000;
533; 2016-04-28 09:09:16.394 BRT; 55207.000000; 55195.000000; 55215.000000; 55185.000000; 3513.500000; 3513.000000; 3512.500000; 3512.500000;
534; 2016-04-28 09:09:17.517 BRT; 55200.000000; 55191.000000; 55210.000000; 55185.000000; 3513.500000; 3512.700000; 3512.500000; 3512.500000;
535; 2016-04-28 09:09:18.573 BRT; 55200.000000; 55191.000000; 55210.000000; 55185.000000; 3513.500000; 3512.500000; 3512.500000; 3512.500000;
536; 2016-04-28 09:09:19.574 BRT; 55200.000000; 55191.000000; 55210.000000; 55185.000000; 3513.500000; 3513.000000; 3512.500000; 3512.500000;
537; 2016-04-28 09:09:20.604 BRT; 55200.000000; 55191.000000; 55210.000000; 55185.000000; 3513.500000; 3513.000000; 3512.500000; 3512.500000;
538; 2016-04-28 09:09:21.823 BRT; 55200.000000; 55195.000000; 55210.000000; 55185.000000; 3513.500000; 3513.000000; 3512.500000; 3512.500000;
539; 2016-04-28 09:09:22.838 BRT; 55200.000000; 55195.000000; 55210.000000; 55185.000000; 3513.500000; 3513.000000; 3512.500000; 3512.500000;
540; 2016-04-28 09:09:23.893 BRT; 55205.000000; 55195.000000; 55215.000000; 55190.000000; 3513.500000; 3513.000000; 3512.500000; 3512.500000;
541; 2016-04-28 09:09:24.975 BRT; 55210.000000; 55200.000000; 55220.000000; 55200.000000; 3513.500000; 3513.000000; 3512.500000; 3512.500000;
542; 2016-04-28 09:09:26.280 BRT; 55210.000000; 55200.000000; 55220.000000; 55200.000000; 3513.500000; 3513.000000; 3512.500000; 3512.500000;
543; 2016-04-28 09:09:27.390 BRT; 55210.000000; 55200.000000; 55220.000000; 55200.000000; 3513.500000; 3513.000000; 3512.500000; 3512.500000;
544; 2016-04-28 09:09:28.580 BRT; 55205.000000; 55200.000000; 55215.000000; 55200.000000; 3514.000000; 3513.500000; 3514.500000; 3514.500000;
545; 2016-04-28 09:09:29.880 BRT; 55205.000000; 55195.000000; 55215.000000; 55190.000000; 3514.000000; 3513.500000; 3514.500000; 3514.500000;
546; 2016-04-28 09:09:30.950 BRT; 55207.000000; 55195.000000; 55215.000000; 55190.000000; 3514.000000; 3513.500000; 3514.500000; 3514.500000;
547; 2016-04-28 09:09:31.126 BRT; 55205.000000; 55192.000000; 55215.000000; 55185.000000; 3514.000000; 3513.500000; 3514.500000; 3514.500000;
548; 2016-04-28 09:09:32.153 BRT; 55209.000000; 55195.000000; 55215.000000; 55185.000000; 3514.000000; 3513.500000; 3514.500000; 3514.500000;
549; 2016-04-28 09:09:33.202 BRT; 55205.000000; 55194.000000; 55215.000000; 55185.000000; 3514.000000; 3513.500000; 3514.500000; 3514.500000;
550; 2016-04-28 09:09:34.263 BRT; 55205.000000; 55194.000000; 55215.000000; 55185.000000; 3514.000000; 3513.500000; 3514.500000; 3514.500000;
551; 2016-04-28 09:09:35.402 BRT; 55205.000000; 55194.000000; 55215.000000; 55185.000000; 3514.500000; 3514.000000; 3514.500000; 3514.500000;
552; 2016-04-28 09:09:36.414 BRT; 55205.000000; 55193.000000; 55215.000000; 55185.000000; 3514.500000; 3514.000000; 3514.000000; 3514.000000;
553; 2016-04-28 09:09:37.530 BRT; 55205.000000; 55200.000000; 55215.000000; 55185.000000; 3514.500000; 3514.000000; 3514.000000; 3514.000000;
554; 2016-04-28 09:09:38.537 BRT; 55200.000000; 55193.000000; 55210.000000; 55185.000000; 3514.500000; 3514.000000; 3514.000000; 3514.000000;
555; 2016-04-28 09:09:39.605 BRT; 55200.000000; 55193.000000; 55210.000000; 55185.000000; 3514.500000; 3514.000000; 3514.000000; 3514.000000;
556; 2016-04-28 09:09:40.628 BRT; 55202.000000; 55188.000000; 55210.000000; 55185.000000; 3514.500000; 3514.000000; 3514.000000; 3514.000000;
557; 2016-04-28 09:09:41.697 BRT; 55204.000000; 55192.000000; 55210.000000; 55185.000000; 3514.500000; 3514.000000; 3514.000000; 3514.000000;
558; 2016-04-28 09:09:42.857 BRT; 55200.000000; 55190.000000; 55210.000000; 55185.000000; 3514.500000; 3514.000000; 3514.000000; 3514.000000;
559; 2016-04-28 09:09:43.867 BRT; 55200.000000; 55187.000000; 55210.000000; 55185.000000; 3514.500000; 3514.000000; 3514.000000; 3514.000000;
560; 2016-04-28 09:09:45.600 BRT; 55200.000000; 55191.000000; 55210.000000; 55185.000000; 3514.500000; 3514.000000; 3514.000000; 3514.000000;
561; 2016-04-28 09:09:46.910 BRT; 55200.000000; 55190.000000; 55210.000000; 55185.000000; 3514.500000; 3514.000000; 3513.500000; 3513.500000;
562; 2016-04-28 09:09:47.104 BRT; 55200.000000; 55191.000000; 55210.000000; 55185.000000; 3514.500000; 3514.000000; 3513.500000; 3513.500000;
563; 2016-04-28 09:09:48.105 BRT; 55200.000000; 55191.000000; 55210.000000; 55185.000000; 3514.500000; 3514.000000; 3513.500000; 3513.500000;
564; 2016-04-28 09:09:49.116 BRT; 55195.000000; 55190.000000; 55200.000000; 55180.000000; 3514.500000; 3514.000000; 3513.500000; 3513.500000;
565; 2016-04-28 09:09:50.124 BRT; 55195.000000; 55190.000000; 55200.000000; 55180.000000; 3514.500000; 3514.000000; 3513.500000; 3513.500000;
566; 2016-04-28 09:09:51.127 BRT; 55194.000000; 55184.000000; 55200.000000; 55180.000000; 3514.500000; 3514.000000; 3513.500000; 3513.500000;
567; 2016-04-28 09:09:52.137 BRT; 55195.000000; 55184.000000; 55200.000000; 55180.000000; 3514.500000; 3514.000000; 3513.500000; 3513.500000;
568; 2016-04-28 09:09:53.294 BRT; 55195.000000; 55184.000000; 55200.000000; 55180.000000; 3514.500000; 3514.000000; 3513.500000; 3513.500000;
569; 2016-04-28 09:09:54.332 BRT; 55197.000000; 55184.000000; 55200.000000; 55180.000000; 3514.500000; 3514.000000; 3513.500000; 3513.500000;
570; 2016-04-28 09:09:55.518 BRT; 55197.000000; 55184.000000; 55200.000000; 55180.000000; 3514.500000; 3514.000000; 3513.500000; 3513.500000;
571; 2016-04-28 09:09:56.518 BRT; 55180.000000; 55175.000000; 55190.000000; 55170.000000; 3514.500000; 3514.000000; 3513.500000; 3513.500000;
572; 2016-04-28 09:09:57.584 BRT; 55180.000000; 55170.000000; 55190.000000; 55170.000000; 3514.500000; 3514.000000; 3513.500000; 3513.500000;
573; 2016-04-28 09:09:58.870 BRT; 55180.000000; 55170.000000; 55190.000000; 55170.000000; 3514.500000; 3514.000000; 3513.500000; 3513.500000;
574; 2016-04-28 09:10:00.300 BRT; 55185.000000; 55175.000000; 55195.000000; 55170.000000; 3514.500000; 3514.000000; 3513.500000; 3513.500000;
575; 2016-04-28 09:10:01.136 BRT; 55185.000000; 55175.000000; 55195.000000; 55170.000000; 3514.500000; 3514.000000; 3513.500000; 3513.500000;
576; 2016-04-28 09:10:02.180 BRT; 55183.000000; 55170.000000; 55195.000000; 55160.000000; 3514.500000; 3514.000000; 3513.500000; 3513.500000;
577; 2016-04-28 09:10:03.258 BRT; 55180.000000; 55170.000000; 55190.000000; 55160.000000; 3514.500000; 3514.000000; 3513.500000; 3513.500000;
578; 2016-04-28 09:10:04.299 BRT; 55180.000000; 55170.000000; 55190.000000; 55160.000000; 3514.500000; 3514.000000; 3513.500000; 3513.500000;
579; 2016-04-28 09:10:05.327 BRT; 55180.000000; 55169.000000; 55185.000000; 55160.000000; 3514.500000; 3514.000000; 3513.500000; 3513.500000;
580; 2016-04-28 09:10:06.497 BRT; 55180.000000; 55170.000000; 55190.000000; 55160.000000; 3514.500000; 3514.000000; 3513.500000; 3513.500000;
581; 2016-04-28 09:10:07.497 BRT; 55185.000000; 55175.000000; 55195.000000; 55165.000000; 3514.500000; 3513.700000; 3513.500000; 3513.500000;
582; 2016-04-28 09:10:08.508 BRT; 55185.000000; 55175.000000; 55195.000000; 55170.000000; 3514.500000; 3514.000000; 3513.500000; 3513.500000;
583; 2016-04-28 09:10:09.569 BRT; 55185.000000; 55175.000000; 55195.000000; 55170.000000; 3514.500000; 3514.000000; 3513.500000; 3513.500000;
584; 2016-04-28 09:10:10.573 BRT; 55185.000000; 55175.000000; 55195.000000; 55170.000000; 3514.700000; 3514.000000; 3513.500000; 3513.500000;
585; 2016-04-28 09:10:11.616 BRT; 55185.000000; 55175.000000; 55195.000000; 55170.000000; 3514.500000; 3514.000000; 3513.500000; 3513.500000;
586; 2016-04-28 09:10:12.635 BRT; 55185.000000; 55176.000000; 55195.000000; 55170.000000; 3514.500000; 3514.000000; 3513.500000; 3513.500000;
587; 2016-04-28 09:10:13.770 BRT; 55190.000000; 55176.000000; 55195.000000; 55170.000000; 3514.500000; 3514.000000; 3513.500000; 3513.500000;
588; 2016-04-28 09:10:14.924 BRT; 55190.000000; 55180.000000; 55200.000000; 55170.000000; 3514.500000; 3514.000000; 3513.500000; 3513.500000;
589; 2016-04-28 09:10:15.942 BRT; 55190.000000; 55176.000000; 55200.000000; 55170.000000; 3514.500000; 3514.000000; 3513.500000; 3513.500000;
590; 2016-04-28 09:10:16.952 BRT; 55190.000000; 55179.000000; 55200.000000; 55170.000000; 3514.500000; 3514.000000; 3513.500000; 3513.500000;
591; 2016-04-28 09:10:17.979 BRT; 55191.000000; 55185.000000; 55200.000000; 55170.000000; 3514.500000; 3514.000000; 3513.500000; 3513.500000;
592; 2016-04-28 09:10:19.142 BRT; 55191.000000; 55185.000000; 55200.000000; 55170.000000; 3514.500000; 3514.000000; 3513.500000; 3513.500000;
593; 2016-04-28 09:10:20.265 BRT; 55195.000000; 55185.000000; 55200.000000; 55170.000000; 3514.500000; 3514.000000; 3513.500000; 3513.500000;
594; 2016-04-28 09:10:21.278 BRT; 55194.000000; 55180.000000; 55195.000000; 55170.000000; 3514.500000; 3514.000000; 3513.500000; 3513.500000;
595; 2016-04-28 09:10:22.396 BRT; 55191.000000; 55180.000000; 55195.000000; 55170.000000; 3514.500000; 3514.000000; 3513.500000; 3513.500000;
596; 2016-04-28 09:10:23.409 BRT; 55194.000000; 55180.000000; 55195.000000; 55170.000000; 3514.500000; 3514.000000; 3514.000000; 3514.000000;
597; 2016-04-28 09:10:24.434 BRT; 55191.000000; 55180.000000; 55195.000000; 55170.000000; 3514.500000; 3514.000000; 3514.000000; 3514.000000;
598; 2016-04-28 09:10:25.456 BRT; 55191.000000; 55180.000000; 55195.000000; 55170.000000; 3514.500000; 3514.000000; 3514.000000; 3514.000000;
599; 2016-04-28 09:10:26.514 BRT; 55191.000000; 55180.000000; 55195.000000; 55170.000000; 3514.500000; 3514.000000; 3514.000000; 3514.000000;
600; 2016-04-28 09:10:27.530 BRT; 55185.000000; 55178.000000; 55195.000000; 55170.000000; 3514.500000; 3514.000000; 3514.000000; 3514.000000;
601; 2016-04-28 09:10:28.607 BRT; 55185.000000; 55178.000000; 55195.000000; 55170.000000; 3514.500000; 3514.000000; 3514.000000; 3514.000000;
602; 2016-04-28 09:10:29.628 BRT; 55185.000000; 55175.000000; 55195.000000; 55170.000000; 3514.500000; 3514.000000; 3514.000000; 3514.000000;
603; 2016-04-28 09:10:30.663 BRT; 55185.000000; 55175.000000; 55195.000000; 55170.000000; 3514.500000; 3514.000000; 3514.000000; 3514.000000;
604; 2016-04-28 09:10:31.733 BRT; 55185.000000; 55176.000000; 55195.000000; 55170.000000; 3514.500000; 3513.600000; 3514.000000; 3514.000000;
605; 2016-04-28 09:10:32.737 BRT; 55190.000000; 55179.000000; 55195.000000; 55170.000000; 3514.500000; 3513.500000; 3514.000000; 3514.000000;
606; 2016-04-28 09:10:33.830 BRT; 55190.000000; 55179.000000; 55195.000000; 55170.000000; 3514.500000; 3513.500000; 3514.000000; 3514.000000;
607; 2016-04-28 09:10:34.909 BRT; 55190.000000; 55179.000000; 55195.000000; 55170.000000; 3514.000000; 3513.500000; 3514.000000; 3514.000000;
608; 2016-04-28 09:10:36.900 BRT; 55185.000000; 55176.000000; 55195.000000; 55170.000000; 3514.000000; 3513.500000; 3514.000000; 3514.000000;
609; 2016-04-28 09:10:37.460 BRT; 55190.000000; 55178.000000; 55195.000000; 55170.000000; 3514.000000; 3513.500000; 3514.000000; 3514.000000;
610; 2016-04-28 09:10:38.650 BRT; 55190.000000; 55176.000000; 55195.000000; 55170.000000; 3514.000000; 3513.500000; 3514.000000; 3514.000000;
611; 2016-04-28 09:10:39.135 BRT; 55190.000000; 55179.000000; 55195.000000; 55170.000000; 3514.000000; 3513.500000; 3514.000000; 3514.000000;
612; 2016-04-28 09:10:40.159 BRT; 55190.000000; 55179.000000; 55195.000000; 55170.000000; 3514.000000; 3513.500000; 3514.000000; 3514.000000;
613; 2016-04-28 09:10:41.453 BRT; 55190.000000; 55179.000000; 55190.000000; 55170.000000; 3514.000000; 3513.500000; 3514.000000; 3514.000000;
614; 2016-04-28 09:10:42.571 BRT; 55190.000000; 55180.000000; 55190.000000; 55170.000000; 3514.000000; 3513.500000; 3514.000000; 3514.000000;
615; 2016-04-28 09:10:43.581 BRT; 55190.000000; 55180.000000; 55190.000000; 55170.000000; 3514.000000; 3513.500000; 3514.000000; 3514.000000;
616; 2016-04-28 09:10:44.669 BRT; 55190.000000; 55180.000000; 55190.000000; 55170.000000; 3514.000000; 3513.500000; 3514.000000; 3514.000000;
617; 2016-04-28 09:10:45.803 BRT; 55190.000000; 55178.000000; 55190.000000; 55170.000000; 3514.000000; 3513.500000; 3514.000000; 3514.000000;
618; 2016-04-28 09:10:46.803 BRT; 55190.000000; 55178.000000; 55190.000000; 55170.000000; 3514.400000; 3513.500000; 3514.000000; 3514.000000;
619; 2016-04-28 09:10:48.510 BRT; 55190.000000; 55180.000000; 55190.000000; 55170.000000; 3514.500000; 3513.500000; 3514.000000; 3514.000000;
620; 2016-04-28 09:10:49.139 BRT; 55190.000000; 55180.000000; 55190.000000; 55170.000000; 3514.500000; 3513.500000; 3514.000000; 3514.000000;
621; 2016-04-28 09:10:50.142 BRT; 55190.000000; 55177.000000; 55185.000000; 55170.000000; 3514.500000; 3513.700000; 3514.000000; 3514.000000;
622; 2016-04-28 09:10:51.152 BRT; 55190.000000; 55176.000000; 55185.000000; 55170.000000; 3514.500000; 3513.900000; 3514.000000; 3514.000000;
623; 2016-04-28 09:10:52.207 BRT; 55190.000000; 55180.000000; 55190.000000; 55170.000000; 3514.500000; 3513.900000; 3514.000000; 3514.000000;
624; 2016-04-28 09:10:53.231 BRT; 55190.000000; 55180.000000; 55190.000000; 55170.000000; 3514.500000; 3513.500000; 3514.000000; 3514.000000;
625; 2016-04-28 09:10:54.261 BRT; 55190.000000; 55180.000000; 55190.000000; 55170.000000; 3514.500000; 3513.500000; 3514.000000; 3514.000000;
626; 2016-04-28 09:10:55.437 BRT; 55190.000000; 55180.000000; 55190.000000; 55170.000000; 3514.500000; 3513.500000; 3514.000000; 3514.000000;
627; 2016-04-28 09:10:56.450 BRT; 55190.000000; 55180.000000; 55190.000000; 55170.000000; 3514.500000; 3514.000000; 3514.000000; 3514.000000;
628; 2016-04-28 09:10:57.624 BRT; 55185.000000; 55175.000000; 55190.000000; 55170.000000; 3514.500000; 3514.000000; 3514.000000; 3514.000000;
629; 2016-04-28 09:10:58.648 BRT; 55187.000000; 55175.000000; 55190.000000; 55170.000000; 3514.500000; 3514.000000; 3514.000000; 3514.000000;
630; 2016-04-28 09:10:59.893 BRT; 55188.000000; 55180.000000; 55190.000000; 55170.000000; 3514.500000; 3514.000000; 3514.000000; 3514.000000;
631; 2016-04-28 09:11:00.991 BRT; 55188.000000; 55180.000000; 55190.000000; 55170.000000; 3514.500000; 3514.000000; 3514.000000; 3514.000000;
632; 2016-04-28 09:11:02.156 BRT; 55185.000000; 55173.000000; 55190.000000; 55170.000000; 3514.500000; 3514.000000; 3514.000000; 3514.000000;
633; 2016-04-28 09:11:03.158 BRT; 55185.000000; 55175.000000; 55190.000000; 55170.000000; 3514.500000; 3514.000000; 3514.000000; 3514.000000;
634; 2016-04-28 09:11:04.168 BRT; 55190.000000; 55180.000000; 55195.000000; 55170.000000; 3515.000000; 3514.500000; 3514.500000; 3514.500000;
635; 2016-04-28 09:11:05.188 BRT; 55200.000000; 55185.000000; 55205.000000; 55175.000000; 3515.000000; 3514.500000; 3514.500000; 3514.500000;
636; 2016-04-28 09:11:06.363 BRT; 55200.000000; 55185.000000; 55205.000000; 55175.000000; 3515.000000; 3514.500000; 3514.500000; 3514.500000;
637; 2016-04-28 09:11:07.377 BRT; 55200.000000; 55185.000000; 55205.000000; 55175.000000; 3515.000000; 3514.500000; 3514.500000; 3514.500000;
638; 2016-04-28 09:11:08.377 BRT; 55195.000000; 55185.000000; 55205.000000; 55175.000000; 3516.000000; 3515.500000; 3515.000000; 3515.000000;
639; 2016-04-28 09:11:09.397 BRT; 55195.000000; 55185.000000; 55205.000000; 55175.000000; 3516.000000; 3515.500000; 3515.000000; 3515.000000;
640; 2016-04-28 09:11:10.465 BRT; 55196.000000; 55185.000000; 55205.000000; 55175.000000; 3516.000000; 3515.500000; 3515.500000; 3515.500000;
641; 2016-04-28 09:11:11.551 BRT; 55198.000000; 55185.000000; 55205.000000; 55175.000000; 3516.000000; 3515.500000; 3515.500000; 3515.500000;
642; 2016-04-28 09:11:12.563 BRT; 55198.000000; 55185.000000; 55205.000000; 55175.000000; 3516.000000; 3515.500000; 3515.500000; 3515.500000;
643; 2016-04-28 09:11:13.573 BRT; 55198.000000; 55185.000000; 55205.000000; 55175.000000; 3516.000000; 3515.500000; 3515.500000; 3515.500000;
644; 2016-04-28 09:11:14.593 BRT; 55198.000000; 55185.000000; 55205.000000; 55175.000000; 3516.000000; 3515.500000; 3515.500000; 3515.500000;
645; 2016-04-28 09:11:15.602 BRT; 55185.000000; 55175.000000; 55195.000000; 55170.000000; 3516.000000; 3515.500000; 3515.500000; 3515.500000;
646; 2016-04-28 09:11:16.602 BRT; 55185.000000; 55173.000000; 55195.000000; 55165.000000; 3516.200000; 3515.500000; 3515.500000; 3515.500000;
647; 2016-04-28 09:11:17.654 BRT; 55189.000000; 55175.000000; 55195.000000; 55170.000000; 3516.200000; 3515.500000; 3515.500000; 3515.500000;
648; 2016-04-28 09:11:18.706 BRT; 55185.000000; 55175.000000; 55195.000000; 55170.000000; 3516.500000; 3516.000000; 3516.500000; 3516.500000;
649; 2016-04-28 09:11:19.732 BRT; 55185.000000; 55176.000000; 55195.000000; 55170.000000; 3516.500000; 3516.000000; 3516.500000; 3516.500000;
650; 2016-04-28 09:11:20.761 BRT; 55185.000000; 55175.000000; 55195.000000; 55170.000000; 3516.500000; 3516.000000; 3516.500000; 3516.500000;
651; 2016-04-28 09:11:21.789 BRT; 55189.000000; 55180.000000; 55195.000000; 55170.000000; 3516.500000; 3516.000000; 3516.500000; 3516.500000;
652; 2016-04-28 09:11:22.933 BRT; 55189.000000; 55180.000000; 55195.000000; 55170.000000; 3516.500000; 3515.900000; 3516.500000; 3516.500000;
653; 2016-04-28 09:11:23.954 BRT; 55189.000000; 55180.000000; 55195.000000; 55170.000000; 3516.500000; 3516.000000; 3516.500000; 3516.500000;
654; 2016-04-28 09:11:25.700 BRT; 55190.000000; 55180.000000; 55195.000000; 55170.000000; 3516.500000; 3516.000000; 3516.500000; 3516.500000;
655; 2016-04-28 09:11:26.250 BRT; 55190.000000; 55180.000000; 55195.000000; 55170.000000; 3516.500000; 3516.000000; 3516.500000; 3516.500000;
656; 2016-04-28 09:11:27.117 BRT; 55190.000000; 55180.000000; 55195.000000; 55170.000000; 3516.500000; 3516.000000; 3516.500000; 3516.500000;
657; 2016-04-28 09:11:28.120 BRT; 55190.000000; 55180.000000; 55195.000000; 55170.000000; 3516.500000; 3516.000000; 3516.500000; 3516.500000;
658; 2016-04-28 09:11:29.160 BRT; 55190.000000; 55180.000000; 55195.000000; 55170.000000; 3516.500000; 3516.000000; 3516.500000; 3516.500000;
659; 2016-04-28 09:11:30.175 BRT; 55190.000000; 55180.000000; 55195.000000; 55170.000000; 3516.500000; 3516.000000; 3516.500000; 3516.500000;
660; 2016-04-28 09:11:31.194 BRT; 55190.000000; 55180.000000; 55195.000000; 55170.000000; 3516.500000; 3516.000000; 3516.500000; 3516.500000;
661; 2016-04-28 09:11:32.218 BRT; 55190.000000; 55180.000000; 55195.000000; 55170.000000; 3516.500000; 3516.000000; 3516.500000; 3516.500000;
662; 2016-04-28 09:11:33.267 BRT; 55190.000000; 55177.000000; 55195.000000; 55170.000000; 3516.500000; 3516.000000; 3516.500000; 3516.500000;
663; 2016-04-28 09:11:34.272 BRT; 55190.000000; 55178.000000; 55195.000000; 55170.000000; 3516.500000; 3516.000000; 3516.500000; 3516.500000;
664; 2016-04-28 09:11:35.357 BRT; 55190.000000; 55181.000000; 55195.000000; 55175.000000; 3516.500000; 3516.000000; 3516.500000; 3516.500000;
665; 2016-04-28 09:11:36.367 BRT; 55190.000000; 55181.000000; 55195.000000; 55175.000000; 3516.500000; 3516.000000; 3516.500000; 3516.500000;
666; 2016-04-28 09:11:37.384 BRT; 55190.000000; 55181.000000; 55195.000000; 55175.000000; 3516.500000; 3516.000000; 3516.500000; 3516.500000;
667; 2016-04-28 09:11:38.559 BRT; 55190.000000; 55185.000000; 55200.000000; 55195.000000; 3516.500000; 3516.000000; 3516.500000; 3516.500000;
668; 2016-04-28 09:11:39.577 BRT; 55210.000000; 55200.000000; 55215.000000; 55195.000000; 3516.500000; 3516.000000; 3516.500000; 3516.500000;
669; 2016-04-28 09:11:40.599 BRT; 55210.000000; 55200.000000; 55215.000000; 55195.000000; 3516.500000; 3516.000000; 3516.500000; 3516.500000;
670; 2016-04-28 09:11:41.625 BRT; 55210.000000; 55200.000000; 55215.000000; 55195.000000; 3516.000000; 3515.500000; 3516.500000; 3516.500000;
671; 2016-04-28 09:11:42.751 BRT; 55216.000000; 55208.000000; 55225.000000; 55200.000000; 3516.000000; 3515.500000; 3516.500000; 3516.500000;
672; 2016-04-28 09:11:43.867 BRT; 55217.000000; 55207.000000; 55225.000000; 55200.000000; 3516.000000; 3515.500000; 3516.500000; 3516.500000;
673; 2016-04-28 09:11:44.885 BRT; 55220.000000; 55210.000000; 55230.000000; 55200.000000; 3516.000000; 3515.500000; 3516.500000; 3516.500000;
674; 2016-04-28 09:11:45.913 BRT; 55220.000000; 55210.000000; 55230.000000; 55200.000000; 3516.000000; 3515.500000; 3516.500000; 3516.500000;
675; 2016-04-28 09:11:46.938 BRT; 55220.000000; 55210.000000; 55230.000000; 55200.000000; 3516.000000; 3515.500000; 3516.500000; 3516.500000;
676; 2016-04-28 09:11:48.100 BRT; 55220.000000; 55210.000000; 55230.000000; 55200.000000; 3516.000000; 3515.500000; 3516.500000; 3516.500000;
677; 2016-04-28 09:11:49.231 BRT; 55215.000000; 55200.000000; 55220.000000; 55195.000000; 3516.000000; 3515.500000; 3516.500000; 3516.500000;
678; 2016-04-28 09:11:50.282 BRT; 55215.000000; 55200.000000; 55220.000000; 55195.000000; 3516.300000; 3515.500000; 3516.000000; 3516.000000;
679; 2016-04-28 09:11:51.282 BRT; 55225.000000; 55210.000000; 55230.000000; 55200.000000; 3516.500000; 3515.500000; 3516.000000; 3516.000000;
680; 2016-04-28 09:11:52.546 BRT; 55225.000000; 55210.000000; 55230.000000; 55200.000000; 3516.500000; 3516.000000; 3516.000000; 3516.000000;
681; 2016-04-28 09:11:53.566 BRT; 55222.000000; 55210.000000; 55230.000000; 55200.000000; 3516.500000; 3516.000000; 3516.000000; 3516.000000;
682; 2016-04-28 09:11:54.579 BRT; 55222.000000; 55210.000000; 55230.000000; 55200.000000; 3516.500000; 3516.000000; 3516.000000; 3516.000000;
683; 2016-04-28 09:11:55.714 BRT; 55223.000000; 55210.000000; 55230.000000; 55200.000000; 3516.500000; 3516.000000; 3516.000000; 3516.000000;
684; 2016-04-28 09:11:56.780 BRT; 55230.000000; 55225.000000; 55230.000000; 55215.000000; 3516.500000; 3516.000000; 3516.000000; 3516.000000;
685; 2016-04-28 09:11:57.780 BRT; 55225.000000; 55215.000000; 55230.000000; 55205.000000; 3517.500000; 3517.000000; 3517.000000; 3517.000000;
686; 2016-04-28 09:11:58.884 BRT; 55225.000000; 55215.000000; 55230.000000; 55200.000000; 3517.500000; 3517.000000; 3517.000000; 3517.000000;
687; 2016-04-28 09:11:59.919 BRT; 55230.000000; 55215.000000; 55235.000000; 55205.000000; 3517.500000; 3517.000000; 3517.000000; 3517.000000;
688; 2016-04-28 09:12:00.935 BRT; 55249.000000; 55235.000000; 55250.000000; 55225.000000; 3517.000000; 3516.500000; 3517.000000; 3517.000000;
689; 2016-04-28 09:12:01.936 BRT; 55250.000000; 55240.000000; 55250.000000; 55230.000000; 3517.000000; 3516.500000; 3517.000000; 3517.000000;
690; 2016-04-28 09:12:02.951 BRT; 55250.000000; 55240.000000; 55250.000000; 55230.000000; 3517.000000; 3516.500000; 3517.000000; 3517.000000;
691; 2016-04-28 09:12:04.220 BRT; 55252.000000; 55240.000000; 55250.000000; 55230.000000; 3517.000000; 3516.500000; 3517.000000; 3517.000000;
692; 2016-04-28 09:12:05.270 BRT; 55255.000000; 55245.000000; 55260.000000; 55230.000000; 3517.000000; 3516.500000; 3517.000000; 3517.000000;
693; 2016-04-28 09:12:06.950 BRT; 55250.000000; 55239.000000; 55260.000000; 55230.000000; 3517.500000; 3516.900000; 3517.000000; 3517.000000;
694; 2016-04-28 09:12:07.100 BRT; 55252.000000; 55238.000000; 55265.000000; 55230.000000; 3517.500000; 3516.500000; 3517.000000; 3517.000000;
695; 2016-04-28 09:12:08.113 BRT; 55251.000000; 55238.000000; 55265.000000; 55230.000000; 3517.400000; 3516.500000; 3517.000000; 3517.000000;
696; 2016-04-28 09:12:09.176 BRT; 55249.000000; 55235.000000; 55260.000000; 55230.000000; 3517.500000; 3517.000000; 3517.500000; 3517.500000;
697; 2016-04-28 09:12:10.176 BRT; 55223.000000; 55210.000000; 55235.000000; 55200.000000; 3517.500000; 3517.000000; 3517.000000; 3517.000000;
698; 2016-04-28 09:12:11.266 BRT; 55230.000000; 55220.000000; 55235.000000; 55220.000000; 3518.000000; 3517.400000; 3518.000000; 3518.000000;
699; 2016-04-28 09:12:12.269 BRT; 55230.000000; 55220.000000; 55235.000000; 55220.000000; 3518.000000; 3517.500000; 3518.000000; 3518.000000;
700; 2016-04-28 09:12:13.284 BRT; 55235.000000; 55225.000000; 55245.000000; 55220.000000; 3517.500000; 3517.000000; 3517.000000; 3517.000000;
701; 2016-04-28 09:12:14.291 BRT; 55235.000000; 55228.000000; 55245.000000; 55220.000000; 3517.500000; 3517.000000; 3517.000000; 3517.000000;
702; 2016-04-28 09:12:15.502 BRT; 55235.000000; 55229.000000; 55245.000000; 55220.000000; 3517.500000; 3517.000000; 3517.000000; 3517.000000;
703; 2016-04-28 09:12:16.503 BRT; 55233.000000; 55225.000000; 55240.000000; 55220.000000; 3517.500000; 3517.000000; 3517.000000; 3517.000000;
704; 2016-04-28 09:12:17.652 BRT; 55233.000000; 55225.000000; 55240.000000; 55220.000000; 3517.500000; 3517.000000; 3517.000000; 3517.000000;
705; 2016-04-28 09:12:18.665 BRT; 55233.000000; 55225.000000; 55240.000000; 55220.000000; 3517.500000; 3517.000000; 3517.000000; 3517.000000;
706; 2016-04-28 09:12:19.757 BRT; 55233.000000; 55225.000000; 55240.000000; 55220.000000; 3517.500000; 3517.000000; 3517.000000; 3517.000000;
707; 2016-04-28 09:12:20.827 BRT; 55233.000000; 55225.000000; 55240.000000; 55220.000000; 3517.500000; 3517.000000; 3517.000000; 3517.000000;
708; 2016-04-28 09:12:21.847 BRT; 55233.000000; 55223.000000; 55240.000000; 55220.000000; 3517.500000; 3517.000000; 3517.000000; 3517.000000;
709; 2016-04-28 09:12:22.848 BRT; 55230.000000; 55220.000000; 55240.000000; 55220.000000; 3517.500000; 3517.000000; 3517.500000; 3517.500000;
710; 2016-04-28 09:12:23.871 BRT; 55228.000000; 55219.000000; 55240.000000; 55220.000000; 3517.500000; 3517.000000; 3517.500000; 3517.500000;
